2362 3742
958 2 1063 161 s

571 241 734 292 rastros
1051 238 1118 302 [aa

174 427 340 470 sermonem
354 406 448 470 Laelii
466 410 504 470 de
525 407 662 482 amicitia,
678 406 812 469 habitum
832 409 871 468 ab
893 406 945 468 illo
970 425 1069 468 secum
1090 415 1121 465 et

173 527 241 567 cum
255 508 347 568 altero
360 527 478 584 genem,
496 509 529 570 C.
554 506 670 569 Fannio
692 506 788 568 Marci
808 505 879 580 filio,
894 505 997 584 paucis
1018 504 1120 567 diebus

173 613 243 679 post
269 613 395 663 mortem
422 601 561 663 Africani.
625 600 697 662 Eius
725 600 934 680 disputationis
963 598 1120 663 sententias

173 694 333 757 memoriae
362 695 518 771 mandavi,
546 716 619 774 quas
647 697 706 757 hoc
732 694 808 757 libro
836 693 959 772 exposui
983 693 1118 755 arbitratu

174 810 263 851 meo:
284 789 367 868 quasi
390 789 468 852 enim
491 789 572 868 ipsos
593 789 697 851 induxi
719 792 884 867 loquentes,
900 809 938 851 ne
958 791 1073 866 inquam
1091 798 1120 848 et

174 887 270 963 inquit
302 884 417 964 saepius
453 885 694 963 interponeretur,
726 896 816 964 atque
850 897 883 946 ut
918 896 1068 962 tamquam
1103 904 1121 943 a

141 978 378 1057 4praesentibus
394 1000 494 1042 coram
514 979 617 1041 haberi
631 999 727 1042 senno
751 979 907 1041 videretur.
952 982 1028 1041 Cum
1042 975 1120 1039 enirn

174 1093 263 1153 saepe
290 1093 408 1135 mecum
422 1093 523 1153 ageres
548 1086 581 1136 ut
603 1075 642 1136 de
666 1073 798 1135 amicitia
819 1073 978 1136 scriberem
1000 1070 1120 1149 aliquid,

174 1166 265 1246 digna
292 1167 364 1227 mihi
391 1188 437 1229 res
465 1188 532 1229 cum
568 1167 700 1229 omniurn
738 1166 910 1247 cognitione
931 1177 995 1227 tum
1022 1175 1122 1226 nostra

174 1261 368 1323 familiaritate
390 1261 454 1323 visa
475 1274 528 1324 est.
555 1307 558 1314 .
582 1265 688 1341 Itaque
711 1261 767 1324 leci
789 1282 851 1326 non
876 1260 984 1322 invitus
1006 1271 1038 1320 ut
1058 1279 1123 1337 pro·

174 1358 293 1419 dessem
313 1355 414 1418 multis
435 1368 539 1436 rogatu
562 1368 622 1418 tuo.
666 1357 727 1419 Sed
747 1368 780 1418 ut
801 1355 832 1417 in
855 1359 972 1419 Catone
997 1354 1122 1426 Maiore,

176 1450 226 1528 qui
251 1461 297 1513 est
318 1450 443 1529 scriptus
471 1452 510 1512 ad
538 1462 568 1512 te
596 1453 635 1513 de
663 1461 825 1525 senectute,
849 1452 997 1513 Catonem
1021 1445 1125 1508 induxi

176 1564 277 1606 senem
299 1544 509 1622 disputantem,
525 1544 595 1622 quia
616 1547 697 1606 nulla
718 1543 874 1606 videbatur
889 1543 985 1621 aptior
998 1559 1127 1620 persona

177 1659 253 1717 quae
267 1638 306 1699 de
316 1638 367 1698 illa
375 1650 471 1700 aetate
482 1640 659 1716 loqueretur,
672 1659 761 1715 quam
773 1636 844 1711 eius,
858 1636 909 1715 qui
920 1648 950 1698 et
961 1634 1126 1698 diutissime

177 1753 267 1794 senex
277 1731 379 1793 suisset
390 1744 420 1793 et
433 1731 465 1792 in
475 1730 539 1810 ipsa
547 1743 699 1794 senectute
710 1742 826 1809 praeter
836 1743 951 1793 ceteros
960 1727 1104 1791 floruisset
1121 1751 1127 1788 :

177 1826 228 1902 sic,
245 1846 312 1886 cum
333 1824 551 1904 accepissemus
573 1846 592 1886 a
608 1824 740 1903 patribus
757 1824 885 1886 maxime
903 1822 1128 1887 memorabilem

178 1921 212 1982 C.
242 1919 337 1980 Laelii
359 1930 389 1980 et
412 1921 443 1978 P.
468 1918 616 1998 Scipionis
643 1918 869 1981 familiaritatem
893 1919 991 1993 fuisse,
1017 1917 1130 1980 idonea

177 2012 250 2074 mihi
270 2013 365 2075 Laelii
386 2033 514 2092 persona
532 2013 595 2075 visa
620 2025 664 2076 est
689 2035 764 2092 quae
787 2015 828 2076 'de
851 2013 979 2075 amicitia
1001 2032 1038 2074 ea
1062 2012 1130 2091 ipsa

179 2107 341 2182 dissereret,
363 2127 440 2185 quae
465 2107 615 2186 disputata
642 2110 681 2170 ab
709 2129 745 2170 eo
767 2107 950 2171 meminisset
972 2107 1127 2170 Staevola.

180 2205 282 2262 Genus
309 2214 409 2263 autem
446 2203 504 2264 hoe
537 2221 714 2276 sermonum,
755 2202 884 2281 positum
913 2201 944 2262 in
971 2201 1130 2262 hominurn

179 2308 311 2358 veterum
324 2295 499 2358 auctoritate
513 2308 543 2358 et
558 2317 658 2358 eorum
679 2297 842 2373 illustrium,
858 2299 925 2376 plus
949 2293 1051 2358 nescio
1066 2316 1132 2373 quo

180 2400 269 2468 pacto
284 2387 398 2450 videtur
411 2390 522 2451 habere
541 2389 698 2468 gravitatis.
742 2393 848 2468 Itaque
870 2389 932 2468 ipse
946 2407 1014 2450 mea
1027 2390 1134 2466 legens

181 2484 224 2546 sic
237 2481 348 2544 afficior
368 2483 526 2559 interdum,
540 2496 573 2545 ut
595 2487 751 2561 Catonem,
778 2504 838 2545 non
864 2504 922 2560 me,
937 2483 1019 2560 loqui
1034 2481 1140 2544 existi-

149 2581 168 2644 t
182 2598 269 2641 mem.
312 2579 371 2640 Sed
385 2590 418 2638 ut
431 2590 494 2640 tum
507 2579 547 2640 ad
561 2598 663 2640 senem
677 2599 768 2640 senex
782 2580 821 2640 de
836 2589 997 2651 senectute,
1014 2575 1056 2637 sic
1070 2577 1140 2638 hoc

182 2675 258 2736 libro
273 2673 313 2734 ad
326 2672 455 2733 amicum
469 2671 664 2733 amicissimus
679 2673 783 2752 scripsi
808 2674 846 2734 de
870 2670 1008 2733 amicitia.
1051 2671 1143 2734 Tum

187 2780 232 2831 est
266 2772 343 2830 Cato
374 2770 502 2842 locutus,
532 2788 591 2845 quo
624 2779 685 2828 erat
719 2788 809 2830 nemo
834 2769 895 2829 fere
934 2766 1032 2828 senior
1059 2778 1144 2828 tem-

183 2863 303 2943 poribus
317 2861 381 2936 illis,
397 2881 487 2924 nemo
508 2860 698 2939 prudentior:
719 2883 799 2923 nunc
820 2860 946 2936 Laelius,
962 2871 992 2922 et
1012 2859 1144 2938 sapiens

183 2958 237 3030 (sic
257 2955 337 3018 enim
362 2968 406 3017 est
425 2955 555 3036 habitus)
579 2967 609 3017 et
631 2956 778 3018 amicitiae
796 2955 889 3035 gloria
912 2955 1070 3028 excellens,
1096 2956 1144 3017 de

184 3050 312 3113 amicitia
334 3052 477 3127 loquetur.
519 3053 567 3110 Tu
590 3050 679 3112 velim
701 3072 719 3112 a
742 3071 791 3112 me
816 3049 947 3112 animum
975 3068 1148 3128 parumper

184 3157 307 3219 avertas,
323 3144 457 3206 Laelium
477 3143 559 3222 loqui
583 3144 681 3222 ipsum
703 3156 797 3222 putes
841 3147 874 3207 C.
892 3143 1021 3205 Fannius
1047 3155 1078 3205 et
1096 3146 1145 3221 Q.

185 3241 304 3302 Mucius
324 3238 364 3300 ad
385 3231 518 3300 s'ocerum
532 3237 655 3300 veniunt
679 3250 748 3317 post
771 3250 897 3300 mortem
921 3237 1073 3299 Africani:
1096 3242 1148 3302 ab

185 3333 231 3395 his
245 3351 341 3394 senno
356 3331 457 3408 oritur,·
464 3333 625 3411 respondet
639 3332 775 3395 Laelius:
795 3332 878 3393 cuius
892 3343 956 3392 tota
969 3331 1149 3409 disputatio

125 3507 128 3512 1
186 3439 231 3489 est
245 3428 284 3488 de
297 3425 434 3504 amicitia,
451 3447 539 3505 quam
553 3429 654 3506 legens
670 3439 698 3489 te
713 3425 777 3506 ipse
791 3445 963 3508 cognosces.

265 3517 277 3558 2
