2362 3742
92 265 139 324 22,
152 260 201 326 28]
442 261 497 313 DE
513 261 690 313 AMICITIA

93 415 154 491 vita
180 439 322 492 contenta
347 439 411 504 est3
446 449 497 491 eos
528 439 629 491 autem
651 430 820 491 omittamus
841 429 893 511 qui
918 430 1042 493 omnino
1054 423 1095 508 22

10 543 12 546 ·
93 544 241 604 nusquam
261 523 452 602 reperiuntur.
494 525 584 586 Tales
605 523 693 602 igitur
714 524 791 587 inter
810 524 889 588 viros
913 523 1043 586 amicitia

94 629 190 680 tantas
219 618 454 697 opportunitates
480 620 580 692 habet,
605 629 730 696 quantas
753 619 801 680 vix
826 639 904 697 queo
931 618 1040 682 dicere.

94 712 244 791 Principio
268 711 336 790 ‘qui
356 723 456 790 potest
477 732 542 774 esse
562 711 623 773 vita
650 711 765 788 vitalis,’
792 725 826 774 nt
851 711 892 774 ait
917 712 1040 788 Ennius,

93 828 170 886 quae
204 827 266 868 non
293 807 325 867 in
353 806 441 868 amici
468 818 571 868 mutua
598 807 808 869 benevolentia
835 808 1044 886 conquiescit?
1086 798 1089 804 ¹

94 903 175 981 Quid
203 901 327 978 dulcinS,
357 923 447 981 quam
467 905 577 964 habere
598 903 719 981 quicum
741 904 841 965 omnia
864 905 974 965 audeas
999 903 1042 968 sic

92 995 176 1075 loqui
195 1007 228 1058 ut
248 997 374 1058 tecum?
416 995 476 1073 Qui
497 1008 574 1058 esset
595 1007 693 1058 tantus
714 1000 823 1059 fructus
844 997 875 1059 in
895 999 1042 1078 prosperis

91 1093 189 1166 rebus,
205 1089 261 1157 nisi
281 1093 407 1153 haberes
428 1090 479 1169 qui
499 1091 556 1151 illis
578 1111 672 1169 aeque
694 1113 729 1152 ac
749 1103 781 1154 tu
798 1092 862 1171 ipse
878 1093 1043 1174 gauderet?

92 1188 242 1248 Adversas
270 1206 341 1247 vero
367 1187 443 1266 ferre
471 1185 591 1248 difficile
619 1199 697 1248 esset
726 1187 790 1249 sine
818 1207 863 1262 eo,
893 1189 945 1266 qui
977 1187 1042 1250 illas

91 1280 208 1360 gravius
239 1278 329 1341 etiam
358 1300 447 1358 quam
478 1290 510 1341 tu
541 1283 636 1342 ferret.
681 1281 821 1360 Denique
851 1292 967 1344 ceterae
994 1302 1041 1345 res
1110 1326 1114 1334 »

92 1395 169 1452 quae
197 1384 374 1453 expetuntur
402 1387 586 1452 opportunae
614 1386 683 1437 sunt
710 1376 842 1454 singulae
866 1379 954 1439 rebus
981 1379 1042 1439 fere

92 1469 234 1548 singulis:
262 1467 383 1530 divitiae
404 1479 437 1529 ut
457 1480 548 1544 utare,
573 1489 646 1547 opes
671 1481 705 1531 ut
728 1472 834 1545 colare,
857 1472 987 1533 honores
1009 1483 1042 1536 ut

91 1565 221 1638 laudere,
257 1565 424 1640 voluptates
460 1573 493 1624 ut
526 1565 666 1642 gaudeas,
698 1566 838 1627 valetudo
873 1576 906 1627 ut
937 1567 1041 1630 dolore

91 1677 192 1719 careas
221 1668 251 1718 et
285 1656 455 1718 muneribus
490 1659 610 1737 fungare
645 1659 800 1737 corporis:
829 1658 960 1722 amicitia
993 1681 1040 1726 res
1067 1727 1070 1748 ι

90 1753 231 1832 plurimas
247 1752 380 1814 continet
390 1775 400 1828 3
421 1773 543 1832 quoquo
567 1765 598 1814 te
619 1753 739 1816 verteris
758 1765 876 1833 praesto
891 1767 943 1831 est,
959 1758 1042 1818 nullo

92 1850 159 1910 loco
171 1846 344 1922 excluditur,
354 1867 518 1925 numquam
528 1845 736 1926 intempestiva
745 1869 906 1928 numquam
916 1851 1042 1914 molesta

92 1953 143 2003 est
187 1944 294 2020 ltaque
314 1961 375 2001 non
397 1961 475 2019 aqua
494 1961 557 2003 non
578 1942 647 2020 igni,
662 1954 694 2004 nt
714 1941 805 2018 aiunt,
821 1942 895 2005 locis
909 1944 1042 2022 pluribus

90 2036 200 2098 utimur
213 2057 302 2115 quam
316 2034 453 2096 amicitia.
495 2038 602 2114 Neque
623 2057 679 2115 ego
699 2057 780 2098 nunc
800 2039 839 2099 de
860 2039 971 2118 vulgari
991 2051 1052 2106 aut.

92 2132 131 2192 de
144 2129 296 2205 mediocri,
310 2129 399 2211 (quae
414 2141 515 2191 tamen
528 2129 593 2209 ipsa
604 2141 634 2192 et
647 2132 778 2193 delectat
792 2143 822 2194 et
835 2132 978 2214 prodest),
988 2135 1042 2196 sed

90 2228 130 2288 de
158 2246 227 2288 vera
255 2236 285 2288 et
315 2227 447 2304 perfecta
480 2226 593 2303 loquor,
623 2227 718 2304 qualis
746 2247 848 2289 eorum
876 2227 927 2306 qui
953 2228 1041 2307 pauci

90 2319 282 2382 nominantur
295 2319 357 2381 fuit.
395 2321 474 2381 Nam
489 2330 520 2380 et
531 2321 678 2381 secundas
688 2340 734 2382 res
748 2319 963 2400 splendidiores
971 2321 1042 2386 facit

89 2413 228 2489 amicitia,
246 2424 275 2474 et
288 2415 436 2487 adversas,
452 2412 583 2492 partiens
597 2414 889 2494 communicansque,
907 2414 1039 2478 leviores

130 2512 204 2571 VII.
240 2510 376 2586 Cumque
410 2508 552 2587 plurimas
587 2521 617 2571 et
643 2509 786 2572 maximas
806 2502 1042 2574 ¹commoditates
1055 2515 1095 2582 28

88 2603 220 2666 amicitia
240 2602 399 2678 contineat,
425 2614 489 2664 tum
509 2603 560 2664 illa
581 2603 718 2665 nimirum
742 2617 872 2684 praestat
893 2605 1039 2681 omnibus,

88 2700 173 2778 quod
193 2700 303 2759 bonam
322 2717 407 2774 spem
425 2698 576 2775 praelucet
593 2697 625 2758 in
644 2710 803 2776 posterum,
819 2719 876 2762 nec
895 2699 1041 2762 debilitari

87 2794 205 2856 animos
230 2804 281 2853 aut
308 2793 414 2853 cadere
438 2793 555 2871 patitur.
598 2797 711 2854 Verum
736 2795 815 2856 enim
837 2794 964 2858 amicum
990 2797 1041 2876 qui

87 2889 228 2962 intuetur,
244 2897 396 2965 tamquam
412 2888 563 2964 exemplar
577 2887 702 2967 aliquod
722 2888 850 2951 intuetur
864 2890 917 2952 sui.
961 2892 1042 2967 Quo·

88 2983 168 3044 circa
182 2992 212 3042 et
225 2982 363 3041 absentes
378 2982 486 3041 adsunt
501 2991 531 3042 et
550 2993 670 3060 egentes
685 2985 840 3044 abundant
855 2995 885 3045 et
899 2983 1040 3046 imbecilli

86 3078 189 3138 valent
204 3084 241 3148 et,
254 3074 336 3151 quod
350 3071 498 3134 difficilius
513 3072 595 3135 dictu
610 3086 662 3150 est,
673 3075 783 3137 mortui
797 3076 917 3138 vivunt:
940 3089 1040 3140 tantus

12 3193 14 3198 ’
87 3191 141 3234 eos
162 3171 268 3242 honoS,
283 3167 433 3242 memoria,
450 3168 629 3230 desiderium
651 3169 840 3248 prosequitur
860 3170 1022 3233 amicorum
1032 3195 1040 3247 ;

88 3286 126 3326 ex
140 3281 200 3342 quo
215 3261 331 3323 illorum
344 3262 433 3322 beata
446 3281 526 3322 mors
541 3261 665 3337 videtur,
681 3265 787 3324 horum
801 3263 861 3324 vita
875 3265 1038 3326 laudabilis.

88 3364 182 3440 Quod
203 3359 228 3421 si
249 3359 392 3422 exemeris
416 3379 453 3421 ex
474 3381 569 3421 rerum
591 3373 696 3423 natura
716 3363 944 3425 benevolentiae
972 3385 1042 3426 con-

12 3487 15 3492 ·
87 3455 279 3529 iunctionem,
291 3474 348 3516 nec
363 3456 469 3516 domus
480 3456 541 3516 ulla
554 3475 611 3517 nec
623 3458 693 3518 urbs
708 3468 784 3518 stare
798 3457 914 3536 poterit,
927 3478 966 3519 ne
980 3461 1040 3538 agri

947 3551 960 3590 o
