2362 3742
505 209 667 260 annuus
956 207 1063 272 [aaut

112 373 232 453 quidem
259 374 355 435 cultus
381 373 574 452 permanebit.
626 375 664 436 Id
692 371 716 433 si
747 371 845 446 minus
873 371 1058 449 intellegitur,
1160 419 1161 426 ,

112 469 278 548 quantavis
293 468 438 530 amicitiae
460 471 697 549 concordiaeque
719 467 756 530 sit
770 489 807 530 ex
824 467 1060 531 dissensionibus

112 576 200 643 atque
215 563 369 626 discordiis
383 565 511 643 perspici
531 577 637 644 potest
682 566 768 642 Quae
784 564 863 633 enim
878 565 985 627 domus
999 575 1060 624 tam

112 659 234 734 stabilis,
255 679 331 737 quae
355 671 415 722 tam
439 662 522 722 firma
544 660 646 723 civitas
669 672 721 734 est,
746 680 822 737 quae
846 679 908 721 non
932 659 1007 722 odiis
1030 670 1062 722 et

113 753 244 816 discidiis
265 753 397 814 funditus
418 753 513 832 possit
534 754 647 817 everti?
688 759 734 817 Ex
753 774 814 834 quo
829 764 973 832 quantum
987 751 1060 814 boni

61 843 100 906 24
113 848 151 909 sit
174 847 205 908 in
229 847 357 909 amicitia
384 846 506 910 iudicari
533 860 640 927 potest.
684 848 910 930 Agrigentinum
937 847 1060 925 quidem

114 945 237 1004 doctum
251 943 411 1020 quemdam
425 942 520 1003 virum
534 942 714 1007 carminibus
729 941 851 1005 Graecis
867 940 1060 1004 vaticinatum

113 1037 218 1110 ferunt,
234 1035 356 1117 quaein
376 1055 473 1097 rerum
493 1048 598 1098 natura
618 1048 742 1117 totoque
763 1037 877 1098 mundo
892 1046 1063 1098 constarent

115 1150 251 1208 quaeque
270 1141 466 1204 moverentur,
483 1151 519 1192 ea
539 1133 713 1195 contrahere
734 1130 902 1205 amicitiam,
919 1129 1063 1208 dissipare

115 1224 300 1287 discordiam.
342 1225 443 1302 Atque
464 1226 523 1286 hoc
544 1224 664 1304 quidem
686 1246 789 1289 omnes
810 1226 949 1288 mortales
969 1235 999 1286 et
1017 1225 1065 1286 iu·

115 1321 256 1398 tellegunt
267 1329 296 1380 et
306 1339 337 1379 re
348 1321 482 1396 probant
514 1323 620 1398 Itaque
631 1321 655 1381 si
667 1323 789 1400 quando
800 1320 923 1398 aliquod
934 1317 1064 1380 officium

116 1413 224 1474 exstitit
238 1411 326 1473 amici
340 1412 371 1473 in
385 1413 523 1491 periculis
543 1425 593 1476 aut
612 1415 759 1478 adeundis
779 1426 830 1476 aut
844 1413 1068 1476 communican-

116 1508 170 1582 dis,
187 1506 252 1586 quis
267 1518 311 1568 est
327 1507 378 1586 qui
399 1508 430 1568 id
450 1529 513 1571 non
534 1509 668 1570 maximis
686 1511 787 1571 efferat
800 1508 963 1570 laudibus?
1004 1507 1068 1585 Qui

117 1605 259 1664 clamores
279 1612 342 1662 tota
361 1623 453 1664 cavea
473 1624 568 1682 nuper
588 1603 619 1664 in
639 1603 763 1682 hospitis
782 1615 812 1665 et
831 1603 920 1664 amici
937 1601 996 1664 mei
1018 1605 1066 1664 M.

118 1697 238 1758 Pacuvii
258 1717 337 1757 nova
360 1699 477 1759 sabula:
501 1719 570 1759 cum
592 1698 745 1778 ignorante
769 1719 837 1778 rege
858 1709 923 1760 uter
944 1700 1067 1760 Orestes

118 1801 203 1866 esset,
219 1790 346 1870 Pylades
361 1793 497 1853 Orestem
516 1813 580 1854 esse
601 1813 633 1853 se
654 1792 773 1866 diceret,
789 1803 822 1854 ut
835 1812 889 1870 pro
907 1792 960 1854 illo
980 1813 1070 1853 neca-

118 1896 204 1960 retur,
238 1886 357 1946 Orestes
386 1897 494 1959 autem,
530 1886 572 1947 ita
603 1896 636 1947 ut
668 1898 737 1959 erat,
775 1888 911 1948 Orestem
941 1906 973 1946 se
1001 1906 1068 1946 esse

119 1982 335 2058 perseveraret!
375 1980 492 2041 Stantes
506 1981 688 2058 plaudebant
702 1980 733 2040 in
753 2000 785 2042 re
797 1982 884 2040 ficta:
906 1980 978 2058 quid
992 1979 1069 2040 arbi-

119 2085 228 2136 tramur
251 2073 283 2134 in
311 2093 380 2135 vera
403 2076 532 2137 facturos
557 2073 669 2135 fuisse?
710 2073 810 2135 Facile
824 2072 975 2137 indicabat
1002 2074 1068 2153 ipsa

119 2178 223 2228 natura
249 2169 309 2230 vim
332 2188 424 2243 suam,
447 2187 516 2228 cum
543 2167 679 2231 homines
702 2169 784 2246 quod
806 2169 902 2230 facere
925 2168 983 2247 ipsi
1004 2188 1068 2229 non

100 2274 249 2340 possent,
274 2264 305 2325 id
328 2275 409 2325 recte
434 2262 497 2323 fieri
521 2261 552 2323 in
575 2264 669 2324 altero
696 2261 868 2324 iudicarent.
910 2265 1068 2324 Hactenus

121 2356 193 2416 mihi
214 2357 317 2419 videor
336 2358 375 2418 de
396 2355 525 2417 amicitia
546 2357 618 2435 quid
639 2356 778 2419 sentirem
802 2355 933 2434 potuisse
958 2357 1066 2420 dicere.

121 2451 152 2513 Si
166 2471 244 2529 quae
257 2463 408 2530 praeterea
422 2462 500 2527 sunt,
516 2453 606 2514 credo
627 2463 726 2513 autem
748 2471 812 2512 esse
833 2453 933 2527 multa,
955 2454 994 2513 ab
1016 2451 1068 2528 eie,

122 2545 147 2607 si
161 2544 315 2619 videbitur,
332 2545 382 2624 qui
396 2545 452 2606 ista
465 2544 618 2624 disputant
632 2545 804 2624 quaeritote.

70 2650 109 2712 25
164 2642 315 2700 Fauurus.
358 2642 424 2700 Nos
445 2659 515 2700 vero
536 2661 554 2701 a
574 2651 603 2701 te
627 2639 743 2718 potius;
760 2659 952 2722 ,quamquam
979 2639 1070 2702 etiarn

123 2734 161 2793 ab
185 2732 248 2793 istis
272 2753 361 2812 saepe
383 2733 523 2811 quaesivi,
537 2745 568 2795 et
588 2734 688 2795 audivi
709 2755 772 2795 non
788 2733 896 2796 invitus
911 2733 1051 2812 equidem
1062 2758 1073 2811 3

123 2827 176 2889 sed
190 2828 270 2889 aliud
281 2829 433 2906 quoddam
447 2829 528 2888 filum
543 2828 683 2890 orationis
697 2839 773 2891 tuae.

164 2924 333 2984 Scaevoia
374 2926 452 2982 Tum
480 2923 572 3002 magis
593 2923 625 2985 id
645 2923 767 2997 diceres,
794 2922 897 2998 Fanni,
926 2923 951 2985 si
977 2944 1078 3002 nuper

124 3017 155 3076 in
182 3016 274 3078 hortis
299 3013 444 3094 Scipionis
473 3036 540 3077 cum
563 3026 609 3078 est
631 3018 670 3078 de
693 3037 724 3078 re
749 3017 867 3094 publica
890 3017 1075 3096 disputatum

46 3147 51 3155 ·
125 3110 264 3172 affuisses.
323 3110 425 3187 Qualis
454 3121 516 3172 tum
543 3123 685 3190 patronus
719 3110 846 3172 iustitiae
880 3111 934 3173 fuit
968 3124 1077 3174 contra

126 3217 293 3267 accuratam
306 3205 470 3267 orationem
485 3206 561 3266 Phili
576 3212 581 3266 !

167 3303 322 3360 Fauurus
363 3299 463 3359 Facile
486 3298 517 3359 id
539 3301 661 3378 quidem
680 3299 743 3373 fuit,
760 3299 899 3362 iustitiam
913 3299 1079 3364 iustissimo

128 3391 191 3453 viro
205 3394 373 3453 defendere.

207 3483 233 3524 10
