2362 3742
66 263 161 331 rara]
306 233 309 240 ’
392 257 474 314 ‘aa
491 263 667 314 AMICITIA

68 428 258 492 deamicitia
285 429 452 508 disputaris,
475 429 548 508 quid
573 428 691 503 sentias,
713 429 831 507 qualem
856 429 1014 504 existimes,
1122 489 1127 506 ,

69 546 142 604 quae
156 537 315 605 praecepta
337 527 399 588 des.
441 527 609 587 sclavum.
634 523 711 585 Mihi
726 544 795 587 vero
811 524 865 586 erit
883 537 1015 606 gratum:

68 632 156 699 atque
187 620 219 682 id
253 619 350 698 ipsum
384 639 453 680 cum
480 631 580 682 tecum
609 638 696 698 agere
724 640 855 694 conarer,
885 619 1015 682 Fannius

68 713 230 776 antevertit.
275 713 374 792 Quam
399 716 438 776 ob
459 733 522 775 rem
542 711 658 792 utrique
678 725 812 776 nostrum
831 724 946 794 gratum
967 716 1017 779 ad·

68 809 191 870 modurn
211 808 323 870 feceris.

106 905 143 964 V.
174 905 321 963 Lanatus.
345 902 410 979 Ego
433 921 504 962 vero
536 921 599 964 non
624 921 766 981 gravarer,
795 901 820 962 si
848 901 920 964 mihi
954 902 1018 981 ipse
1032 907 1069 972 17

66 998 268 1072 confiderem3
287 1015 358 1057 nam
372 1006 402 1056 et
415 997 565 1074 praeclara
584 1015 630 1057 res
652 1007 704 1071 est,
720 1008 751 1058 et
772 1015 882 1071 sumus,
898 1009 931 1059 ut
945 997 1019 1059 dixit

67 1090 207 1166 Fannius,
223 1091 320 1154 otiosi.
362 1090 422 1152 Sed
437 1089 503 1168 quis
528 1109 584 1169 ego
605 1110 680 1164 sum,
695 1101 747 1152 aut
761 1111 839 1168 quae
853 1102 898 1152 est
918 1091 949 1152 in
970 1111 1018 1152 me

66 1188 214 1248 facultas?
255 1189 421 1247 Doctorum
444 1197 489 1247 est
513 1184 568 1246 ista
595 1186 790 1260 consuetudo,
813 1206 906 1266 eaque
928 1188 1018 1248 Grae·

67 1301 178 1356 corum,
194 1291 227 1342 ut
241 1280 283 1342 eis
304 1290 431 1360 ponatru
452 1280 491 1340 de
506 1299 566 1358 quo
580 1280 733 1358 disputent
754 1279 887 1358 quamvis
909 1279 1017 1342 subit0.

68 1379 216 1454 Magnum
243 1394 317 1453 opus
352 1384 405 1449 est,
433 1385 560 1452 egetque
587 1373 796 1436 exercitatione
823 1393 885 1436 non
919 1393 1017 1452 parva.

68 1472 168 1546 Quam
182 1473 221 1531 ob
235 1488 298 1530 rem
312 1488 388 1546 quae
406 1466 549 1546 disputari
563 1469 603 1529 de
617 1467 747 1530 amicitia
766 1479 901 1547 possunt,
924 1470 962 1529 ab
977 1468 1019 1530 eis

68 1585 179 1627 censeo
206 1564 315 1644 petatis
340 1563 390 1642 qui
418 1563 474 1625 ista
505 1565 687 1641 profitentur.
738 1566 804 1643 Ego
831 1584 885 1626 vos
909 1563 1019 1625 hortari

67 1672 185 1722 tantum
209 1679 341 1738 possum,
364 1669 398 1719 ut
421 1656 581 1719 amicitiam
608 1657 747 1719 omnibus
770 1661 860 1721 rebus
882 1657 1019 1720 humanis

67 1753 257 1834 anteponatis
267 1777 276 1830 5
308 1751 381 1840 nihil
406 1764 451 1814 est
479 1751 559 1814 enim
581 1763 643 1812 tarn
672 1762 795 1813 naturae
819 1763 931 1831 aptum,
957 1763 1018 1814 tam

68 1847 250 1911 conveniens
270 1849 310 1909 ad
329 1867 375 1909 res
389 1849 436 1908 vel
459 1848 604 1909 secundas
623 1846 670 1908 vel
690 1847 836 1910 adversas.
880 1848 939 1908 Sed
960 1847 1019 1907 hoc
1034 1857 1071 1919 10

68 1943 198 2023 primum
220 1939 325 2018 sentio,
339 1940 397 2001 nisi
417 1940 448 2000 in
468 1939 556 2002 bonis
577 1939 738 2002 amicitiam
751 1961 816 2002 esse
829 1960 892 2002 non
912 1960 1019 2020 posse:

69 2057 168 2118 neque
196 2035 227 2099 id
248 2037 288 2096 ad
315 2035 415 2096 vivum
441 2054 553 2108 reseco,
576 2046 610 2096 ut
637 2033 679 2094 illi
703 2034 754 2113 qui
781 2036 855 2096 haec
883 2033 1018 2096 subtilius
1094 2070 1097 2079 ·

71 2132 226 2205 disserunt,
249 2131 373 2191 fortasse
396 2149 473 2204 vere,
499 2130 553 2190 sed
577 2129 617 2190 ad
644 2147 833 2192 communem
864 2128 1019 2192 utilitatem

72 2245 185 2304 parum.
238 2227 358 2303 Negant
384 2223 464 2286 enim
492 2241 671 2301 quemquam
698 2242 763 2284 esse
789 2222 883 2285 virum
907 2226 1021 2285 bonum

70 2321 129 2382 nisi
143 2318 315 2399 sapientem.
359 2317 402 2379 Sit
422 2317 463 2378 ita
483 2336 555 2378 sane
569 2340 575 2378 :
590 2318 643 2379 sed
658 2336 725 2378 eam
745 2317 921 2395 sapientiam
935 2317 1021 2381 inter·

70 2424 230 2494 pretantur,
253 2432 342 2491 quam
365 2411 463 2472 adhuc
483 2410 614 2472 mortalis
640 2430 730 2471 nemo
752 2422 797 2472 est
823 2421 1000 2472 consecutus
1012 2434 1021 2486 3

70 2529 127 2571 nos
137 2519 242 2570 autem
256 2527 291 2568 ea
306 2525 381 2584 quae
397 2515 465 2567 sunt
487 2505 518 2566 in
532 2525 588 2566 usu
602 2503 722 2583 vitaque
736 2505 894 2579 communi,
910 2525 972 2566 non
987 2524 1023 2566 ea

71 2625 149 2686 quae
160 2606 309 2682 finguntur
318 2612 368 2662 aut
378 2613 524 2679 optantur,
532 2610 666 2680 spectare
677 2602 829 2663 debemus.
851 2604 1021 2680 Numquam

71 2719 130 2778 ego
151 2697 249 2761 dicam
271 2699 305 2759 C.
322 2695 498 2771 Fabricium,
515 2697 567 2756 Μ’.
585 2693 714 2769 Curium,
729 2695 775 2757 Ti.
793 2695 1021 2771 Coruncanium,

71 2799 150 2875 qu'os
177 2791 325 2870 sapientes
353 2789 447 2852 nostri
473 2789 599 2852 maiores
626 2789 807 2864 iudicabant,
833 2791 873 2852 ad
899 2790 1024 2854 istorum

70 2907 208 2951 normam
228 2885 317 2946 fuisse
338 2883 494 2963 sapientes.
538 2886 636 2961 Quare
650 2883 708 2947 sibi
720 2886 850 2946 habeant
863 2885 1025 2965 sapientiae

72 3005 193 3059 nomen,
206 2995 236 3046 et
249 2982 428 3045 invidiosum
440 2994 470 3044 et
484 2985 644 3045 obscurum
660 3005 666 3042 :
688 2985 856 3045 concedant
874 2994 908 3045 ut
927 2983 959 3045 hi
972 2983 1027 3046 viri

72 3080 148 3144 boni
168 3078 280 3141 fuerint.
324 3080 373 3138 Ne
393 3077 426 3138 id
447 3077 568 3155 quidem
589 3075 715 3138 sacient:
739 3080 891 3156 negabunt
910 3078 942 3140 id
970 3077 1028 3140 nisi

73 3172 201 3253 sapienti
221 3191 309 3250 posse
324 3171 458 3232 concedi.
501 3175 632 3249 Agamus
653 3169 739 3248 igitur
758 3171 869 3250 pingui,
885 3184 918 3232 ut
935 3171 1026 3246 aiunt,
1041 3184 1080 3245 19

74 3270 224 3331 Minerva.
248 3265 308 3342 Qui
322 3264 363 3327 ita
378 3285 409 3326 se
423 3276 529 3343 gerunt
542 3265 583 3325 ita
596 3263 706 3337 vivunt,
723 3276 756 3325 ut
769 3285 872 3326 eorum
885 3268 1028 3344 probetur

74 3365 158 3436 tides,
174 3359 334 3438 integritas,
355 3357 525 3436 aequalitas,
541 3357 707 3432 liberalitas,
723 3379 780 3420 nee
801 3359 838 3422 sit
856 3360 887 3419 in
908 3360 950 3420 eis
967 3363 1029 3420 ulla

76 3455 225 3536 cupiditas
239 3454 332 3534 libido
354 3453 487 3529 audacia,
503 3453 621 3530 sintque
638 3473 745 3531 magna
765 3455 938 3527 constantia,
954 3466 987 3516 ut
1001 3453 1029 3514 ei

935 3547 949 3592 r
