2360 3782
58 233 162 300 80·88]
416 237 471 286 DE
486 237 663 326 AMICIITIA

60 378 196 458 diligunt,
222 379 386 459 exquibus
412 393 533 459 sperant
557 402 589 444 se
613 382 774 444 maximum
797 384 924 444 fructum
946 403 1011 445 esse
1026 383 1065 448 80

60 485 208 552 capturos.
253 478 301 538 Ita
314 475 512 553 pulcherrima
525 476 575 537 illa
589 488 619 538 et
633 477 761 538 maxime
774 477 898 538 naturali
913 489 1013 540 carent
1096 509 1098 515 ·

61 567 191 629 amicitia
218 589 272 647 per
298 590 330 630 se
359 581 388 630 et
422 581 542 649 propter
565 592 599 632 se
626 572 763 650 expetita,
792 592 849 633 nec
876 572 932 649 ipsi
956 571 1012 633 sibi

60 664 198 740 exemplo
219 674 287 724 sunt
308 664 447 725 baecvis
468 665 616 726 amicitiae
638 678 667 727 et
681 664 775 744 qualis
790 677 820 728 et
842 677 952 744 quanta
966 666 1010 728 sit.

61 759 131 832 Ipse
154 755 232 817 eninr
254 777 286 818 se
307 757 433 835 quisque
455 758 550 837 diligit
570 779 632 820 non
653 770 686 820 ut
706 759 835 836 aliquam
856 781 875 820 a
898 779 930 821 se
950 759 1013 837 ipse

59 851 229 911 mercedem
255 851 351 929 exigat
373 851 502 938 caritatis
525 872 604 926 suae,
631 853 684 914 sed
712 854 794 931 qnod
818 873 871 930 per
898 873 930 914 se
957 851 1013 913 sibi

60 944 189 1024 quisque
204 965 287 1006 carus
306 957 358 1006 est.
403 948 496 1021 Quod
517 945 573 1007 nisi
595 946 676 1008 idem
696 947 726 1007 in
740 948 901 1009 amicitiam
924 960 1014 1008 trans-

58 1041 177 1114 feretur,
201 1059 287 1102 vems
308 1040 423 1100 amicus
446 1060 599 1119 nunquam
613 1041 791 1119 reperietur,
812 1053 857 1104 est
877 1043 957 1103 enim
978 1043 1011 1116 is,
1028 1045 1064 1108 81

61 1133 113 1212 qui
135 1144 180 1210 est
200 1145 353 1212 tamquam
378 1135 453 1195 alter
473 1134 561 1195 idem.
606 1136 697 1210 Quod
712 1135 736 1195 si
758 1137 817 1196 hoc
841 1149 964 1214 apparet
983 1137 1014 1198 in

53 1227 171 1316 bestiis,
197 1227 366 1290 volucribus
394 1227 533 1289 nantibus
557 1229 729 1307 agrestibus,
759 1229 906 1290 cicuribus
936 1230 1012 1304 seris,

61 1323 192 1401 primum
210 1335 243 1385 ut
266 1344 298 1385 se
322 1324 405 1402 ipsae
419 1324 543 1403 diligant
560 1325 605 1402 (id
630 1310 710 1386 enini
723 1324 831 1402 paritet
844 1345 913 1385 cum
933 1325 1015 1386 omni

61 1417 212 1478 animante
227 1417 380 1498 nascitur),
396 1418 506 1480 deinde
527 1429 561 1478 ut
580 1418 730 1496 requirant
751 1429 842 1496 atque
863 1431 1014 1497 appetant,

61 1513 103 1572 ad
117 1529 192 1588 quas
213 1531 245 1572 se
265 1511 425 1590 applicent,
442 1512 574 1573 eiusdem
597 1512 712 1590 generis
731 1512 896 1574 animantes
912 1512 1015 1592 (idque

61 1604 176 1666 faciunt
185 1625 253 1665 curn
264 1605 414 1666 desiderio
429 1616 543 1666 etcum
558 1606 687 1683 quadam
702 1605 894 1668 similitudine
909 1607 1017 1667 amoris

62 1699 219 1779 humani):
240 1713 354 1778 quanto
365 1699 397 1763 id
412 1701 506 1779 magis
520 1700 552 1761 in
565 1701 687 1762 homine
701 1704 734 1762 fit
747 1711 858 1775 natura,
875 1701 926 1779 qui
941 1713 971 1764 et
985 1723 1016 1764 se

63 1793 129 1871 ipse
150 1793 254 1872 diligit,
282 1806 313 1856 et
332 1797 458 1856 alterurn
479 1794 608 1874 anquirit
627 1795 712 1856 cuius
733 1795 865 1857 animum
886 1796 927 1858 ita
947 1791 1017 1861 cum

65 1907 121 1949 suo
142 1887 274 1962 misceat,
298 1900 331 1951 ut
352 1890 459 1950 efficiat
479 1909 576 1968 paene
596 1909 689 1950 unum
710 1909 746 1950 ex
767 1892 902 1950 duobus!
1156 1963 1162 1978 st

107 1985 211 2044 XXII.
234 1985 294 2045 Sed
314 1983 448 2061 plerique
473 2003 616 2063 perverse,
637 2003 676 2044 ne
697 1983 796 2054 dicam
821 1984 1017 2062 impudenter,
1031 1983 1070 2048 82

66 2078 177 2138 habere
205 2078 295 2138 talem
327 2077 457 2139 amicum
489 2079 603 2152 volunt,
639 2079 742 2154 quales
770 2077 826 2156 ipsi
861 2098 927 2141 esse
957 2099 1019 2141 non

65 2183 199 2250 possunt,
217 2191 354 2259 quaeque
375 2173 437 2250 ipsi
452 2153 524 2233 non⁸
537 2173 672 2234 tribuunt
692 2171 804 2247 amicis,
820 2174 895 2235 haec
916 2177 954 2235 ab
976 2175 1019 2236 eis

66 2259 245 2328 desiderant.
287 2268 344 2326 Par
368 2277 413 2328 est
438 2277 540 2340 autem
557 2266 689 2344 ¹primum
710 2266 809 2344 ipsum
838 2287 903 2330 esse
923 2269 1018 2342 virum

65 2363 190 2435 bonum,
206 2371 271 2422 tum
292 2364 419 2426 alterum
440 2361 568 2422 similem
590 2362 636 2422 sui
660 2380 807 2438 quaerere.
853 2365 890 2422 In
912 2364 1019 2425 talibus

66 2476 110 2528 ea,
127 2475 218 2532 quarn
240 2456 417 2518 iamdudum
432 2467 602 2529 tractamus,
618 2455 762 2517 stabilitas
783 2457 931 2519 amicitiae
952 2479 1021 2520 con·

65 2549 176 2610 finnari
203 2560 325 2627 potest:
357 2570 427 2636 curn
455 2549 592 2612 homines
627 2550 836 2610 benevolentia
870 2552 1021 2614 coniuncti

65 2644 197 2724 primum
213 2645 427 2724 cupiditatibus
442 2644 484 2706 eis
499 2645 609 2723 quibus
630 2644 721 2705 ceteri
746 2646 877 2708 serviunt
898 2647 1022 2727 impera·

43 2745 45 2751 “
66 2742 145 2801 bunt
154 2762 163 2815 3
185 2739 295 2802 deinde
308 2740 460 2817 aequitate
474 2739 646 2817 iustitiaque
662 2740 845 2817 gaudebunt,
861 2744 1022 2822 omniaque
1049 2751 1050 2754 ’

66 2837 142 2897 alter
160 2855 215 2913 pro
236 2837 329 2896 altero
348 2835 490 2912 suscipiet
503 2854 602 2911 neque
621 2834 787 2913 quidquam
809 2857 951 2915 umquam
965 2840 1022 2901 nisi

66 2931 230 2990 honestum
252 2941 282 2990 et
306 2941 420 2990 rectum
439 2930 514 2989 alter
537 2931 575 2989 ab
598 2931 691 2991 altero
712 2931 899 3008 postulabit3
923 2953 1023 3012 neque

66 3025 167 3084 solum
189 3025 289 3084 colent
310 3023 387 3085 inter
407 3043 439 3083 se
460 3043 495 3082 ac
510 3023 642 3100 diligent,
659 3024 714 3083 sed
729 3023 819 3086 etiam
833 3029 1021 3090 verebuntur.

68 3121 150 3178 Nam
172 3118 335 3178 maximum
357 3128 565 3178 ornamentum
586 3117 734 3179 amicitiae
755 3119 840 3193 tollit,
857 3121 908 3197 qui
930 3108 1024 3184 exea

68 3210 147 3275 tollit
161 3212 380 3272 verecundiam.
425 3214 532 3288 Itaque
556 3211 587 3270 in
608 3211 651 3272 eis
671 3212 855 3289 perniciosus
876 3227 921 3276 est
936 3236 1021 3292 error,
1036 3216 1076 3279 88

67 3304 121 3382 qui
137 3305 305 3368 existimant
325 3306 484 3368 libidinum
505 3316 759 3385 peccatorumque
774 3308 909 3368 omniurn
923 3322 1024 3389 patere

69 3400 100 3460 in
129 3399 259 3460 amicitia
289 3400 450 3462 licentiam.
506 3399 659 3460 Virtutum
694 3401 825 3462 amicitia
852 3403 980 3464 adiutrix
1006 3425 1025 3464 a

191 3489 194 3495 ’
919 3497 944 3536 aa
