2362 3742
537 275 699 326 ausurus
987 271 1096 336 [mes

143 413 320 477 arbitrantur
346 417 416 495 quia
442 437 504 478 non
532 416 595 479 sine
629 437 738 496 magna
771 436 863 478 causa
889 417 927 478 sit
958 418 1096 495 neglecta

143 508 279 571 amicitia.
323 514 429 589 Itaque
444 531 531 574 verae
551 511 698 574 amicitiae
719 511 891 573 difficillime
911 511 1096 589 reperiuntur

91 608 131 672 64
143 603 174 665 in
195 606 246 680 eis,
269 605 320 684 qui
340 606 371 668 in
388 607 550 670 honoribus
573 627 664 686 reque
684 606 805 687 publica
828 618 986 670 versantur.
1030 606 1096 668 Ubi

144 698 224 759 enim
237 699 326 762 istum
340 701 482 777 invenias,
498 701 549 780 qui
570 704 714 764 honorem
735 701 824 763 amici
837 713 1000 779 anteponat
1014 703 1095 762 suo?

145 794 251 871 Quid?
277 798 352 858 haec
379 808 413 858 ut
440 797 584 871 omittam,
607 817 696 875 quam
723 817 826 875 graves
849 816 938 874 quam
959 795 1095 856 difficiles

142 888 290 967 plerisque
303 889 441 952 videntur
451 890 651 952 calamitatum
666 891 823 952 societates
838 895 844 951 l
878 892 927 951 Ad
942 909 1016 968 quas
1030 909 1095 950 non

143 994 188 1043 est
210 983 297 1046 facile
320 984 442 1048 inventu
465 984 517 1064 qui
531 986 723 1048 descendant.
767 987 959 1063 Quamquam
979 985 1096 1046 Ennius

142 1086 229 1152 recte,

323 1213 443 1273 Amicus
457 1220 545 1273 certus
559 1213 590 1274 in
605 1232 637 1272 re
649 1213 754 1272 incerta
767 1213 914 1284 cernuam

142 1365 243 1417 tamen
262 1358 338 1418 haec
358 1359 421 1420 duo
441 1355 569 1419 levitatis
590 1367 621 1418 et
641 1355 817 1418 infirmitatis
838 1358 995 1435 plerosque
1023 1374 1096 1417 con-

141 1449 272 1524 vincunt,
288 1463 340 1513 aut
361 1451 386 1514 si
406 1451 538 1514 inbonis
558 1453 646 1514 rebus
667 1462 862 1520 contemnunt
883 1462 934 1512 aut
955 1449 986 1511 in
1007 1451 1096 1512 malis

142 1547 291 1608 deserunt.
335 1546 396 1623 Qui
416 1545 504 1626 igitur
523 1559 647 1627 utraque
662 1545 693 1607 in
707 1567 738 1608 re
751 1565 879 1624 gravem,
895 1555 1094 1619 constantem,

142 1638 280 1701 stabilem
294 1660 327 1702 se
341 1640 372 1701 in
385 1640 516 1703 amicitia
529 1640 712 1720 praestiterit,
727 1642 807 1702 hunc
821 1661 858 1702 ex
879 1639 1005 1702 maxime
1025 1660 1096 1700 raro

141 1753 248 1812 genere
262 1733 417 1796 hominum
431 1735 560 1798 iudicare
574 1737 719 1798 debemus
734 1746 763 1796 et
776 1754 872 1812 paene
886 1734 995 1796 divino.

90 1816 129 1878 65
183 1831 303 1890 XVIII.
315 1829 547 1892 Firmamentum
556 1841 656 1891 autem
670 1828 837 1890 stabilitatis
849 1828 1094 1906 constantiaeque

143 1933 188 1983 est
216 1923 286 1998 eius,
312 1943 403 2002 quam
427 1925 457 1984 in
479 1923 608 1985 amicitia
629 1922 805 2001 quaerimus,
828 1925 922 1998 fides3
949 1921 1022 1983 nihil
1047 1934 1095 1982 est

143 2015 223 2078 enim
237 2017 351 2093 stabile,
368 2020 450 2096 quod
470 2017 595 2080 infidum
616 2029 668 2080 est
712 2016 883 2095 Simplicem
897 2027 1049 2094 praeterea
1064 2029 1096 2076 et

143 2130 333 2173 communem
354 2123 384 2172 et
404 2111 650 2187 consentientem,
671 2110 703 2173 id
724 2122 777 2187 est,
800 2109 851 2188 qui
871 2111 958 2172 rebus
980 2109 1095 2172 eisdem

143 2217 304 2281 moveatur,
315 2206 383 2285 eligi
396 2227 450 2285 par
464 2217 528 2268 est:
551 2226 626 2285 quae
641 2203 742 2266 omnia
755 2205 905 2285 pertinent
918 2205 957 2265 ad
971 2204 1096 2266 fidelita-

143 2310 210 2359 tem.
255 2303 362 2378 Neque
377 2299 457 2360 enim
471 2301 563 2362 fidum
577 2310 678 2378 potest
692 2319 757 2360 esse
771 2299 925 2378 multiplex
940 2298 1093 2378 ingenium

143 2405 173 2456 et
186 2405 371 2470 tortuosum;
391 2415 489 2473 neque
503 2414 574 2456 vero
588 2394 715 2472 quinon
730 2394 843 2456 eisdem
857 2397 944 2456 rebus
958 2405 1095 2455 movetur

142 2500 305 2567 naturaque
330 2488 487 2563 consentit,
508 2500 558 2550 aut
582 2489 660 2549 fidus
682 2500 732 2549 ant
757 2486 870 2551 stabilis
894 2498 993 2566 potest
1017 2507 1091 2548 esse.

145 2584 331 2646 Addendum
356 2585 464 2646 eodem
489 2594 534 2644 est
554 2595 587 2643 ut
607 2602 646 2643 ne
667 2581 837 2645 criminibus
861 2594 913 2644 aut
933 2582 1095 2644 inferendis

142 2679 313 2752 delectetur,
329 2688 380 2738 aut
400 2677 501 2738 credat
522 2676 647 2738 oblatis:
670 2696 746 2754 quae
765 2675 913 2755 pertinent
932 2675 1033 2736 omnia
1054 2678 1095 2736 ad

142 2791 217 2847 eam,
228 2791 317 2850 quam
327 2770 502 2832 iamdudum
516 2781 618 2842 tracto,
634 2770 838 2832 constantiam.
884 2773 931 2830 Ita
944 2772 978 2830 fit
990 2789 1095 2831 verum

141 2864 214 2927 illud
229 2865 312 2942 quod
326 2862 410 2924 initio
424 2862 494 2938 dixi,
509 2861 668 2924 amicitiam
681 2863 737 2924 nisi
751 2863 827 2925 inter
840 2865 936 2924 bonos
952 2883 1096 2925 essenon

142 2977 238 3036 posse.
282 2960 337 3018 Est
361 2955 441 3017 enim
472 2955 544 3017 boni
566 2955 628 3031 viri,
657 2977 747 3034 quem
770 2959 899 3019 eundern
928 2956 1096 3036 sapientem

141 3051 211 3112 licet
235 3051 344 3125 dicere,
366 3050 442 3110 haec
462 3051 532 3112 duo*
544 3062 644 3112 tenere
669 3051 699 3111 in
720 3051 871 3114 amicitia:
905 3051 1033 3129 primum
1056 3073 1097 3112 ne

143 3145 215 3221 quid
229 3147 331 3204 fictum
352 3143 389 3204 sit
410 3164 485 3204 neve
505 3143 681 3221 simulatum,
704 3157 804 3224 aperte
827 3145 907 3208 enim
924 3148 971 3208 vel
994 3143 1096 3208 odisse

143 3239 235 3317 magis
269 3237 390 3317 ingenui
418 3251 463 3299 est
489 3259 578 3316 quam
602 3242 697 3302 fronte
725 3244 873 3304 occultare
896 3242 1096 3320 sententiam3

142 3334 251 3394 deinde
262 3353 324 3394 non
335 3335 430 3394 solum
439 3336 478 3394 ab
489 3333 588 3411 aliquo
599 3337 701 3397 allatas
712 3336 930 3398 criminationes
940 3339 1096 3416 repellere,

142 3428 195 3488 sed
209 3447 248 3488 ne
269 3426 365 3505 ipsum
387 3426 508 3504 quidem
529 3447 594 3490 esse
617 3428 822 3507 suspiciosum,
842 3451 960 3509 semper
980 3431 1098 3510 aliquid

222 3519 247 3560 ar
