2362 3742
520 209 683 259 enarras
979 207 1074 269 [so-01

125 362 281 422 observare
294 360 426 422 restricte
439 379 477 420 ne
492 359 558 436 plus
571 358 677 419 reddat
688 377 777 436 quam
788 355 944 435 acceperit.
967 357 1075 432 Neque

126 454 205 515 enim
227 456 390 516 verendum
418 464 462 515 est
488 473 526 515 ne
551 452 623 530 quid
652 452 778 528 excidat,
802 462 853 512 aut
880 471 919 511 ne
947 448 1020 528 quid
1043 447 1076 508 in

126 559 231 608 terram
245 549 362 623 defluat,
385 560 435 610 aut
449 567 487 607 ne
501 549 567 625 plus
581 565 679 625 aequo
693 545 766 623 quid
780 545 811 606 in
824 542 984 606 amicitiam
1005 563 1077 604 con-

73 647 112 710 59
125 654 247 721 geratur.
300 642 417 704 Tertius
439 660 509 703 vero
534 640 582 702 ille
607 639 673 700 finis
698 639 881 714 deterrimus
911 651 944 700 ut
972 636 1078 717 quanti

126 737 252 815 quisque
274 757 305 798 se
326 736 390 816 ipse
404 735 499 810 saciat,
520 734 594 796 tanti
608 737 659 795 fiat
672 737 711 796 ab
725 733 836 796 amicis.
879 737 975 811 Saepe
996 732 1077 794 enim

126 832 157 892 in
179 833 356 910 quibusdam
376 843 427 893 aut
446 830 563 891 animus
584 829 727 892 abiectior
740 841 792 904 est,
809 841 859 892 aut
873 850 941 908 spes
955 827 1079 907 amplifi-

127 929 241 988 candae
255 929 390 988 fortunae
404 925 528 988 fractior.
563 928 635 986 Non
650 935 696 986 est
708 923 795 1003 igitur
809 923 897 986 amici
907 925 997 984 talem
1012 942 1079 984 esse

126 1021 158 1082 in
172 1041 248 1094 eum,
261 1020 355 1098 qualis
369 1019 418 1082 ille
432 1019 463 1080 in
474 1039 505 1080 se
521 1031 566 1080 est
574 1042 583 1094 3
603 1018 769 1098 sed-potius
785 1018 857 1081 eniti
872 1030 902 1080 et
915 1020 1032 1091 efficere,
1044 1029 1080 1076 ut

127 1115 214 1177 amici
235 1115 381 1177 iacentem
403 1113 533 1175 animum
555 1113 670 1187 excitet,
691 1113 873 1192 inducatque
894 1132 978 1191 spem
999 1110 1079 1190 cogi-

128 1210 331 1288 tationemque
346 1208 506 1271 meliorem.
549 1207 635 1269 Alius
649 1207 736 1286 igitur
749 1207 816 1268 finis
829 1227 916 1269 verae
930 1205 1079 1267 amicitiae

128 1305 355 1367 constituendus
379 1315 432 1379 est,
459 1303 484 1364 si
507 1301 587 1382 prius
612 1301 684 1380 quid
712 1301 839 1364 maxime
863 1301 1079 1381 reprehendere

128 1399 228 1478 Scipio
249 1399 352 1460 solitus
373 1397 411 1460 sit
424 1397 534 1460 dixero.
579 1399 717 1476 Negabat
730 1398 820 1458 ullam
833 1416 939 1458 vocem
956 1394 1075 1456 inimici-

129 1514 211 1556 orem
233 1492 378 1556 amicitiae
399 1491 530 1571 potuisse
550 1489 670 1571 reperiri
691 1511 782 1568 quam
804 1489 875 1565 eius,
892 1489 943 1570 qui
956 1489 1081 1552 dixisset

128 1589 170 1651 ita
193 1608 292 1650 amare
321 1599 457 1667 oportere
481 1599 514 1648 ut
542 1586 567 1648 si
587 1584 750 1664 aliquando
775 1597 853 1648 esset
874 1605 997 1646 osurus:
1022 1604 1081 1646 nec

129 1702 200 1744 vero
215 1703 246 1744 se
261 1681 372 1744 adduci
386 1701 474 1760 posse
488 1692 522 1742 ut
535 1682 725 1758 hoc—quem
739 1680 917 1742 admodum
931 1689 1082 1758 putaretur

73 1817 74 1822 κ
129 1797 189 1838 —a
217 1776 322 1838 Biante
347 1776 460 1838 dictum
489 1795 554 1836 esse
582 1775 722 1848 crederet,
749 1773 800 1852 qui
824 1773 942 1854 sapiens
962 1773 1081 1836 habitus

131 1882 209 1933 esset
223 1890 298 1931 unus
312 1891 329 1931 e
344 1881 477 1948 septem:
498 1869 605 1947 impuri
620 1868 774 1930 cuiusdam
794 1879 844 1928 aut
857 1866 1014 1942 ambitiosi,
1030 1879 1082 1928 aut

131 1965 233 2028 omnia
256 1966 295 2026 ad
316 1985 399 2025 suam
423 1963 588 2044 potentiam
610 1962 776 2025 revocantis
804 1981 868 2023 esse
893 1959 1080 2024 sententiam.

132 2061 273 2136 Quonam
284 2058 363 2120 enim
377 2060 469 2119 modo
484 2057 641 2136 quisquam
655 2056 768 2117 amicus
782 2076 846 2118 esse
861 2056 969 2136 poterit
981 2055 1016 2130 ei,
1034 2055 1083 2116 cui

131 2175 163 2214 se
185 2153 301 2232 putabit
322 2152 472 2212 inimicum
497 2171 562 2212 esse
584 2153 697 2229 posse?
738 2150 819 2226 Quin
843 2150 932 2212 etiam
959 2169 1083 2212 necesse

132 2246 186 2309 erit
200 2267 308 2326 cupere
323 2258 353 2308 et
367 2257 469 2324 optare
491 2257 525 2306 ut
545 2265 635 2323 quam
656 2244 826 2324 saepissime
840 2256 946 2324 peccet
958 2244 1082 2318 amicus,

132 2363 192 2420 quo
220 2343 317 2420 plures
345 2341 397 2401 det
423 2339 480 2400 sibi
515 2351 656 2416 tanquam
684 2358 770 2398 ansas
798 2339 839 2399 ad
866 2339 1085 2418 reprehenden-

132 2438 222 2512 dum,
243 2455 356 2496 rursum
371 2445 470 2496 autem
484 2445 563 2494 recte
577 2432 662 2494 sactis
676 2432 902 2509 commodisque
917 2433 1085 2493 amicorum

81 2541 254 2603 eonecesse
280 2529 334 2590 erit
356 2528 423 2607 angi
447 2529 549 2590 dolere
573 2527 712 2590 invidere.
755 2528 855 2603 Quare
877 2528 936 2588 hoc
960 2526 1084 2603 quidem

132 2635 333 2704 praeceptum,
356 2623 568 2699 cuiuscumque
596 2633 648 2695 est,
673 2623 712 2682 ad
736 2623 900 2683 tollendam
921 2621 1084 2683 amicitiam

132 2722 219 2781 valet.
271 2718 349 2779 Illud
376 2717 475 2796 potius
503 2716 744 2796 praecipiendum
771 2716 834 2792 fuit,
863 2728 896 2779 ut
923 2737 990 2778 earn
1018 2716 1083 2778 dili-

131 2813 262 2892 gentiam
289 2811 497 2874 adhiberemus
524 2811 556 2874 in
583 2811 718 2873 amicitiis
743 2811 960 2890 comparandis,
989 2823 1085 2872 utne

132 2909 253 2986 quando
274 2927 373 2968 amare
394 2906 589 2985 inciperemus
609 2925 678 2966 eum
697 2924 786 2982 quem
806 2905 968 2983 aliquando
982 2905 1085 2967 odisse

131 3021 296 3080 possemus.
348 3001 430 3076 Quin
455 3000 543 3061 etiarn
571 2998 596 3060 si
620 2999 717 3060 minus
741 2998 842 3060 felices
866 3000 897 3060 in
922 3000 1085 3079 deligendo

131 3096 293 3170 fuissemus,
309 3096 463 3156 ferendum
484 3094 515 3155 id
533 3093 633 3172 Scipio
648 3093 746 3172 potius
760 3113 850 3170 quam
864 3093 1085 3156 inimicitiarum

131 3203 248 3270 tempus
262 3190 453 3268 cogitandum
467 3191 601 3268 putabat.

80 3287 117 3349 61
174 3287 274 3344 XVII.
300 3284 358 3344 His
380 3284 467 3362 igitur
488 3284 595 3344 finibus
623 3283 767 3345 utendum
794 3282 926 3358 arbitror,
955 3294 989 3346 ut
1014 3303 1084 3347 cum

132 3377 282 3440 emendati
295 3398 392 3440 mores
406 3378 567 3440 amicorum
582 3379 647 3453 sint,
663 3390 727 3439 tum
741 3378 778 3439 sit
792 3377 868 3440 inter
882 3398 933 3440 eos
948 3379 1084 3444 omnium

213 3471 238 3511 aa
