2360 3782
553 237 714 290 aramus
975 236 1109 303 [ros-ror

163 399 248 444 senes
268 382 335 444 illos
356 383 389 444 1.
407 383 530 443 Paulum
552 383 596 443 M.
612 383 760 445 Catonem
782 382 816 444 C.
833 383 941 443 Galum
962 383 994 442 P.
1021 378 1109 442 Nasi-

163 495 230 537 cam
247 475 292 536 Ti.
309 476 476 537 Gracchum
495 475 642 556 Scipionis
664 474 757 538 nostri
778 495 913 538 socerum
933 471 1090 537 dileximus
1100 495 1111 548 3

163 570 239 631 baec
258 568 347 632 etiam
367 569 460 648 magis
481 571 580 631 elucet
600 570 676 632 inter
694 571 840 647 aequales,
862 580 895 630 ut
915 569 1057 630 interme
1078 579 1110 631 et

163 662 342 741 Scipionem,
365 666 399 725 L.
430 663 558 738 Furium,
586 666 618 724 P.
649 663 812 741 Rupilium,
839 664 887 741 Sp.
915 660 1107 724 Mummium.

164 756 302 818 Vicissim
323 768 422 820 autem
450 776 536 819 senes
557 755 588 816 in
607 757 843 819 adulescentium
865 756 984 819 caritate
1010 755 1112 832 acqui·

164 851 299 926 escimus,
325 862 359 913 ut
381 852 412 911 in
437 862 541 924 vestra,
567 851 655 911 utin
682 853 719 930 Q.
749 851 934 927 Tuberonis3
969 849 1110 928 equidem

165 945 254 1007 etiam
284 946 458 1016 admodum,
486 945 686 1006 adulescentis
715 946 747 1006 P.
777 943 890 1019 Rutilii,
918 946 954 1005 A
977 942 1111 1022 Verginii

165 1038 359 1101 familiaritate
373 1039 511 1100 delector.
554 1037 762 1116 Quoniamque
783 1037 825 1099 ita
844 1035 918 1099 ratio
939 1047 1112 1115 comparata

166 1141 211 1193 est
236 1130 314 1194 vitae
340 1143 519 1210 naturaeque
546 1142 684 1204 nostrae„
710 1143 743 1192 ut
777 1130 835 1194 alia
868 1142 948 1193 aetas
982 1130 1110 1206 oriatur;

165 1225 292 1288 maxime
306 1225 426 1303 quidem
440 1226 603 1304 optandum
618 1236 662 1288 est
677 1235 709 1286 ut
723 1245 791 1286 cum
809 1225 981 1303 aequalibus
1001 1223 1108 1303 possis,

166 1318 341 1397 quibuscum
355 1330 496 1397 tanquam
511 1339 528 1381 e
542 1318 708 1381 carceribus
722 1319 847 1382 emissus
862 1319 900 1380 sis
914 1338 982 1380 cum
995 1319 1109 1381 eisdem

96 1407 327 1476 loameacem
338 1423 371 1475 ut
381 1411 487 1474 dicitur
496 1412 657 1492 pervenire.
686 1413 747 1474 Sed
757 1411 898 1491 quoniam
907 1431 952 1474 res
960 1414 1109 1474 humanae

165 1505 281 1585 fragiles
301 1507 490 1584 caducaeque
511 1516 587 1580 suut,
602 1525 720 1586 semper
740 1505 830 1584 aliqui
851 1505 1026 1584 anquirendi
1039 1518 1110 1566 sunt

166 1619 242 1678 quos
266 1597 420 1678 diligamus
448 1611 478 1662 et
499 1620 518 1660 a
539 1598 648 1678 quibus
675 1597 849 1678 diligamur:
882 1599 1001 1660 caritate
1029 1598 1109 1660 enim

166 1693 432 1772 benevolentiaque
445 1695 561 1756 sublata
574 1693 671 1757 omnis
685 1704 730 1756 est
744 1714 761 1756 e
774 1693 835 1755 vita
848 1695 964 1755 sublata
977 1691 1111 1754 iucundi-

167 1799 219 1850 tas.
261 1787 339 1849 Mihi
353 1787 474 1866 quidem
494 1787 604 1868 Scipio,
620 1807 789 1867 quanquam
804 1800 849 1850 est
864 1788 962 1850 subito
983 1800 1108 1866 ereptus,

167 1879 239 1943 vivit
265 1891 364 1944 tamen
398 1901 571 1961 semperque
598 1881 695 1944 vivet:
728 1882 866 1944 virtutem
901 1881 980 1944 enim
1013 1883 1110 1944 amavi

168 1974 244 2037 illius
256 1974 317 2049 viri,
333 1995 410 2056 quae
424 1975 567 2038 exstincta
580 1996 642 2038 non
655 1988 708 2039 est.
745 1978 775 2038 N
777 1997 812 2038 ec
825 1976 897 2037 mihi
912 1977 966 2038 soli
980 1988 1110 2038 versatur

168 2079 237 2132 ante
258 2070 369 2146 oculos,
390 2069 441 2148 qui
461 2069 541 2132 illum
562 2089 678 2149 semper
697 2069 728 2131 in
756 2071 892 2132 manibus
919 2068 1009 2131 habui
1019 2091 1029 2145 ;
1056 2073 1110 2132 sed

170 2162 257 2225 etiam
284 2163 408 2241 posteris
436 2163 490 2226 erit
516 2165 595 2225 clara
616 2175 646 2226 et
667 2163 796 2244 insignis.
844 2167 943 2225 Nemo
969 2183 1111 2242 umquam

169 2257 269 2319 animo
282 2269 333 2320 aut
346 2278 398 2336 spe
412 2257 523 2320 maiora
536 2257 684 2336 suscipiet,
700 2258 751 2337 qui
765 2257 821 2320 sibi
835 2277 896 2320 non
909 2257 987 2318 illius
1001 2277 1113 2319 memo

100 2351 242 2420 latriam
256 2363 344 2431 atque
358 2351 516 2432 imaginem
530 2353 755 2431 proponendam
770 2364 862 2430 putet
907 2352 1055 2431 Equidem
1077 2374 1113 2414 ex

171 2446 310 2508 omnibus
323 2448 419 2522 rebus,
434 2466 507 2525 quas
520 2445 593 2507 mihi
607 2456 659 2508 aut
677 2449 795 2508 fortuna
813 2458 864 2508 aut
877 2457 983 2508 natura
1001 2445 1113 2519 tribuit,

172 2541 244 2602 nihil
264 2541 361 2602 habeo
381 2541 552 2618 quodcum
575 2539 705 2602 amicitia
730 2539 876 2620 Scipionis
899 2541 1010 2619 possim
1033 2559 1115 2602 com·
1161 2585 1162 2602 .

173 2653 281 2712 parare.
324 2636 361 2694 In
384 2635 441 2694 hac
464 2631 595 2694 mihide
616 2633 787 2712 republica
810 2651 979 2707 consensus,
1000 2632 1033 2694 iu
1056 2635 1115 2694 hac
1161 2617 1162 2631 ¹

173 2746 269 2789 rerum
296 2724 473 2802 privatarum
500 2724 664 2801 consilium,
690 2727 721 2787 in
748 2727 854 2790 eadem
880 2727 998 2805 requies
1025 2727 1116 2804 plena

175 2819 379 2882 oblectationis
393 2819 453 2881 fuit.
497 2821 667 2896 Numquam
686 2820 770 2882 illum
791 2841 829 2885 ne
850 2820 972 2882 minima
992 2821 1115 2899 quidem
1160 2849 1161 2886 l

174 2934 205 2976 re
220 2913 338 2988 offendi,
363 2915 444 2992 quod
467 2913 588 2992 quidem
613 2915 753 2977 senserim
764 2937 773 2992 3
802 2915 875 2977 nihil
897 2915 995 2978 audivi
1020 2936 1115 2978 exeo

175 3008 238 3086 ipse
258 3008 340 3085 quod
362 3009 493 3068 nollem:
516 3027 576 3069 una
596 3009 702 3070 domus
714 3020 784 3084 erat,
805 3009 885 3072 idem
907 3010 1003 3071 victus
1030 3008 1115 3087 isque

176 3101 359 3176 communis3
387 3120 485 3180 neque
512 3103 607 3164 solum
629 3102 741 3178 militia,
766 3104 819 3166 sed
840 3103 929 3165 etiam
953 3103 1116 3182 peregrina·

107 3201 164 3267 104
175 3195 271 3259 tiones
290 3193 552 3272 msticationesque
575 3215 756 3258 communes.
799 3199 877 3258 Nam
902 3196 976 3275 quid
998 3216 1056 3275 ego
1077 3199 1116 3259 de

176 3287 280 3350 studiis
294 3288 391 3350 dicam
405 3288 606 3366 cognoscendi
614 3307 731 3367 semper
744 3288 856 3368 aliquid
868 3301 957 3369 atque
971 3290 1114 3365 discendi,
1158 3305 1159 3348 ;

176 3381 208 3442 in
219 3380 327 3459 quibus
346 3380 452 3444 remoti
471 3382 510 3443 ab
524 3379 616 3444 oculis
631 3383 733 3463 populi
753 3402 841 3446 omne
856 3384 983 3446 otiosum
998 3395 1115 3463 tempus
1158 3393 1159 3417 ¹

253 3474 279 3516 ss
640 3477 644 3481 ·

921 3648 939 3688 b
