2362 3742
106 283 151 345 62,
165 285 213 349 63]
457 287 511 338 DE
527 286 703 338 AMICITIA

104 449 201 490 rerum
220 431 409 493 consiliorum
422 433 608 494 voluntatum
629 430 693 492 sine
713 432 773 491 ulla
786 429 964 508 exceptione
978 450 1058 491 com-

105 524 234 586 munitas
248 550 253 587 :
268 538 301 588 ut
314 526 404 587 etiam
415 525 439 587 si
450 547 509 618 qpa
522 527 640 588 fortuna
652 524 793 586 acciderit
807 536 840 586 ut
854 524 951 586 minus
966 525 1059 586 iustae

105 618 268 680 amicorum
290 623 457 683 voluntates
478 621 665 683 adiuvandae
686 620 752 696 sint,
773 619 805 679 in
826 619 934 699 quibus
957 640 1058 681 eorum

105 723 156 773 aut
170 726 259 792 caput
276 727 378 794 agatur
394 726 445 776 aut
458 717 544 784 fama,
561 715 774 776 declinandum
790 715 828 776 de
842 713 890 775 via
904 713 949 787 sit,
965 715 1058 774 modo
1141 731 1144 752 ⁴

105 827 144 867 ne
182 829 297 871 summa
334 811 486 888 turpitudo
514 821 677 887 sequatur3
720 821 765 870 est
800 809 880 870 enim
912 820 1059 886 quatenus

106 902 253 966 amicitiae
278 905 340 966 dari
364 905 452 967 venia
472 905 573 984 possit
618 908 685 966 Nec
712 924 783 966 vero
807 905 993 982 neglegenda
1015 915 1078 964 ests

106 999 192 1074 fama
221 1020 278 1060 nec
302 1001 452 1062 mediocre
476 1002 568 1062 telum
592 1000 631 1061 ad
657 1020 704 1061 res
729 1001 873 1078 gerendas
895 999 1059 1060 existimare

107 1103 224 1169 oportet
237 1095 477 1156 benevolentiam
496 1093 622 1154 civium:
643 1113 733 1172 quam
744 1092 896 1154 blanditiis
913 1103 943 1154 et
963 1113 1060 1154 assen-

107 1188 200 1266 tando
228 1189 365 1269 colligere
386 1201 471 1268 turpe
495 1200 548 1264 est,
572 1187 662 1249 virtus
688 1209 778 1265 quam
800 1187 931 1266 seqnitur
955 1187 1059 1248 caritas

107 1279 230 1343 minime
264 1283 447 1362 repudianda
478 1294 530 1345 est.
573 1283 763 1360 Sed—saepe
793 1280 872 1343 enirn
896 1284 987 1344 redeo
1021 1284 1061 1344 ad
1073 1283 1113 1346 62

107 1375 474 1454 Scipionem,cuius0mnis
482 1397 580 1440 sermo
592 1389 655 1439 erat
665 1379 704 1440 de
713 1377 1061 1456 amicitia—querebatur

108 1473 191 1547 quod
216 1471 353 1533 omnibus
378 1473 409 1532 in
436 1475 524 1534 rebus
551 1470 688 1533 homines
716 1470 914 1550 diligentiores
942 1483 1060 1534 essent:

108 1584 211 1642 capras
226 1577 256 1626 et
270 1586 341 1628 oves
356 1577 430 1644 quot
443 1565 569 1644 quisque
583 1566 704 1627 haberet
718 1565 817 1626 dicere
836 1585 933 1644 posse,
948 1565 1061 1628 amicos

108 1671 183 1736 quot
196 1662 318 1722 haberet
331 1681 394 1722 non
407 1681 496 1740 posse
510 1661 609 1747 dicere
621 1682 630 1736 3
651 1671 681 1721 et
693 1660 725 1720 in
739 1658 796 1720 illis
818 1659 940 1738 quidem
959 1681 1062 1738 paran-

109 1753 156 1814 dis
169 1754 311 1816 adhibere
326 1775 434 1830 curam,
451 1754 481 1814 in
495 1753 597 1814 amicis
611 1753 755 1832 eligendis
775 1756 965 1832 neglegentes
986 1775 1059 1827 esse,

108 1867 166 1910 nec
179 1851 290 1910 habere
304 1849 388 1928 quasi
402 1849 486 1929 signa
499 1850 645 1928 quaedam
665 1860 695 1910 et
708 1859 804 1924 notas,
820 1848 927 1925 quibus
946 1869 998 1911 eos
1012 1849 1062 1927 qui

109 1944 148 2004 ad
163 1943 307 2006 amicitias
328 1955 428 2018 essent
448 1943 550 2005 idonei
566 1943 737 2004 iudicarent.
781 1945 856 2005 Sunt
876 1942 963 2022 igitur
986 1944 1062 2005 firmi

110 2050 140 2099 et
154 2039 273 2101 stabiles
288 2051 318 2102 et
333 2052 503 2101 constantes
518 2038 653 2117 eligendi,
670 2037 753 2099 cuius
767 2037 882 2117 generis
897 2050 942 2099 est
955 2060 1063 2118 magna

109 2133 250 2212 penuria:
269 2147 297 2196 et
309 2134 440 2196 indicare
450 2133 569 2194 difficile
578 2143 623 2194 est
633 2152 702 2194 sane
712 2132 769 2193 nisi
781 2144 941 2211 expertum,
953 2133 1062 2211 experi-

111 2228 221 2289 endum
236 2241 336 2290 autem
351 2240 396 2290 est
409 2229 440 2288 in
454 2228 520 2306 ipsa
533 2226 663 2288 amicitia
671 2249 680 2303 3
701 2226 743 2288 ita
761 2227 921 2306 praecurrit
934 2226 1063 2289 amicitia

108 2321 260 2398 iudicium,
286 2322 422 2402 tollitque
460 2321 631 2400 experiendi
666 2332 853 2399 potestatem.
897 2323 952 2383 Est
976 2321 1062 2402 igitur
1074 2324 1113 2388 63

109 2419 264 2494 prudentis
276 2418 421 2479 sustinere
429 2429 463 2478 ut
472 2437 596 2490 currum,
609 2415 652 2476 sic
660 2415 804 2493 impetum
818 2417 1061 2478 benevolentiae:

111 2531 173 2590 quo
186 2523 304 2572 utamur
317 2511 402 2589 quasi
417 2510 500 2589 equis
515 2509 635 2572 tentatis
649 2509 692 2570 sic
707 2509 844 2584 amicitia,
867 2510 967 2588 aliqua
979 2522 1062 2588 parte

109 2605 281 2684 periclitatis
302 2605 432 2667 moribus
446 2604 616 2666 amicorum.
660 2602 791 2680 Quidam
812 2625 901 2683 saepe
923 2603 953 2664 in
974 2625 1064 2682 parva

110 2699 238 2777 pecunia
262 2699 478 2778 perspiciuntur
502 2718 592 2776 qnam
616 2696 675 2758 sint
704 2699 794 2774 leves,
819 2699 940 2775 quidam
964 2710 1064 2759 autem

110 2814 186 2872 quos
202 2815 292 2872 parva
311 2815 431 2856 movere
455 2813 517 2855 non
539 2792 635 2871 potuit
657 2804 876 2878 cognoscuntur
896 2792 927 2853 in
947 2812 1072 2871 magna..

109 2889 163 2950 Sin
191 2910 261 2950 vero
290 2900 373 2951 erunt
400 2887 492 2966 aliqui
519 2886 634 2966 reperti,
660 2885 711 2964 qui
735 2886 892 2966 pecuniam
920 2889 1063 2963 praeferre

109 2982 257 3044 amicitiae
278 2983 431 3045 sordidum
451 2981 638 3043 existiment:
659 2979 711 3042 nbi
732 3001 783 3042 eos
805 2979 997 3057 inveniemus,
1013 2981 1065 3060 qui

109 3082 248 3152 honores
271 3077 466 3156 magistratus,
492 3076 624 3154 imperia,
639 3087 810 3154 potestates,
826 3096 899 3155 opes
918 3075 1064 3138 amicitiae

109 3193 173 3234 non
183 3183 375 3251 anteponant,
387 3183 421 3231 nt
431 3191 499 3231 cum
511 3191 547 3230 ex
560 3173 651 3231 altera
660 3181 744 3248 parte
752 3171 904 3250 proposita
912 3172 987 3232 haec
996 3169 1065 3245 sint,

110 3291 148 3330 ex
162 3271 255 3329 altera
267 3268 312 3328 ius
327 3266 481 3341 amicitiae,
492 3286 555 3329 non
568 3267 663 3326 multo
678 3266 729 3327 illa
742 3265 867 3326 malint?
909 3265 1065 3327 Imbecilla

111 3362 193 3424 enim
217 3374 262 3424 est
289 3374 394 3423 natura
414 3361 453 3422 ad
474 3362 726 3422 contemnendam
754 3358 941 3438 potentiam:
974 3380 1063 3437 quam

111 3457 201 3520 etiam
223 3455 248 3518 si
262 3460 397 3536 neglecta
418 3454 548 3517 amicitia
568 3453 722 3517 consecuti
737 3453 803 3530 sint,
820 3457 1008 3516 obscuratum
1029 3453 1062 3514 iri

957 3546 981 3586 23
