2362 3742
541 231 703 282 enarras
999 234 1094 300 [ram

150 315 1093 340 m

148 404 273 456 mortem
287 393 400 468 diebus,
413 411 481 454 cum
492 405 522 455 et
536 394 637 455 Philus
652 405 683 456 et
698 394 839 458 Manilius
853 397 992 459 adessent
1003 408 1033 458 et
1046 397 1096 458 alii·

147 491 252 568 plures,
269 498 359 566 tuque
374 488 471 563 etiam,
493 491 644 565 Scaevola,
667 511 785 552 mecum
805 491 943 567 venisses,
966 492 1095 554 triduum

147 581 282 644 disseruit
296 584 334 644 de
348 603 380 644 re
393 581 531 662 publica3
549 583 632 645 cui-us
644 583 851 663 disputationis
865 586 919 646 fuit
933 598 1095 648 extremum

142 679 206 752 ¹fere
229 679 268 738 de
289 676 507 738 immortalitate
531 677 695 740 auimomm
719 699 795 757 quae
819 699 851 740 se
872 680 902 740 in
923 681 1022 757 quiete
1043 703 1097 760 per

137 770 242 849 ¹visum
263 792 300 833 ex
320 771 461 833 Africano
482 772 599 834 audisse
620 772 746 835 dicebat.
800 776 838 835 Id
865 773 889 834 si
916 774 957 836 ita
982 787 1033 850 est,
1053 789 1097 854 ,ut

146 866 249 945 optimi
262 865 403 944 cuiusque
411 866 526 928 animus
537 866 568 927 in
578 878 672 930 morte
682 867 820 929 facillime
835 871 932 930 evolet
943 880 1096 950 tamquam

147 983 163 1023 e
178 961 313 1023 custodia
332 961 496 1039 vinclisque
516 961 667 1040 corporis:
688 962 736 1022 cui
751 982 905 1025 censemus
919 984 1035 1025 cursum
1055 969 1097 1028 ad

146 1058 218 1118 deos
232 1055 394 1118 faciliorem
407 1055 496 1117 fuisse
507 1076 597 1134 quam
610 1055 763 1135 Scipioni?
805 1057 952 1136 Quocirca
965 1079 1097 1122 maerere

145 1155 204 1214 hoc
218 1153 280 1214 eius
302 1164 410 1215 eventu
430 1171 533 1214 vereor
551 1172 589 1214 ne
610 1152 703 1214 invidi
723 1153 815 1232 magis
836 1174 925 1233 quam
940 1155 1027 1216 amici
1048 1156 1095 1218 sit.

145 1247 197 1308 Sin
210 1260 309 1309 autem
323 1248 374 1308 illa
395 1246 516 1322 veriora,
531 1258 565 1308 ut
579 1247 660 1309 idem
679 1247 812 1310 interitus
827 1249 864 1310 sit
878 1249 1043 1312 animorum
1065 1264 1097 1314 et

145 1363 301 1421 corporum
320 1363 377 1404 nec
396 1344 474 1403 ullus
495 1362 599 1404 sensus
620 1355 756 1405 maneat:
778 1355 811 1405 ut
824 1344 896 1404 nihil
910 1346 982 1406 boni
998 1358 1042 1408 est
1063 1347 1096 1408 in

144 1446 247 1510 morte,
263 1435 305 1496 sic
319 1447 397 1497 certe
411 1435 484 1495 nihil
498 1435 574 1497 mali.
618 1437 712 1498 Sensu
731 1435 810 1497 enim
828 1437 938 1500 amisso
952 1441 985 1499 fit
1004 1438 1095 1514 idem,

145 1529 229 1609 quasi
243 1542 329 1592 natus
349 1549 411 1590 non
433 1540 510 1591 esset
531 1529 672 1612 omnino:
695 1551 783 1609 quern
797 1542 898 1594 tamen
913 1553 977 1594 esse
990 1545 1096 1595 natum

144 1635 174 1685 et
188 1643 251 1686 ¹nos
269 1626 441 1701 gaudemus,
466 1636 496 1686 et
522 1625 597 1685 haec
625 1622 727 1684 civitas
751 1625 824 1685 dum
848 1626 901 1687 erit
928 1628 1093 1690 laetabitur.

94 1726 130 1790 15
145 1721 243 1796 Quam
267 1722 306 1781 ob
329 1740 391 1780 rem
413 1740 481 1780 cum
504 1719 555 1780 illo
580 1719 709 1796 quidem,
735 1728 767 1780 ut
791 1739 878 1799 supra
902 1721 971 1794 dixi,
994 1733 1096 1784 actum

144 1814 256 1894 optime
272 1826 332 1876 est:
355 1835 471 1876 mecum
493 1813 721 1889 incommodius,
743 1836 833 1892 quem
854 1818 947 1878 fuerat
961 1818 1095 1896 aequius,

144 1921 176 1969 ut
190 1909 269 1987 prius
290 1908 465 1982 introieram‚
488 1907 531 1968 sic
551 1907 630 1986 prius
652 1908 730 1970 exire
750 1909 873 1982 devita.
914 1913 973 1972 Sed
994 1923 1094 1974 tamen

143 2001 349 2064 recordatione
372 2011 489 2061 nostrae
512 2000 658 2062 amicitiae
672 2000 715 2062 sic
736 2003 823 2075 fruor,
839 2013 871 2063 ut
885 2005 972 2066 beate
986 2004 1096 2067 vixisse

90 2133 95 2144 ·
143 2096 244 2158 videar
255 2095 325 2174 quia
335 2115 403 2156 cum
412 2093 550 2174 Scipione
560 2094 697 2156 vixerim:
712 2116 841 2174 quocum
853 2097 925 2158 mihi
935 2097 1098 2160 coniuncta

144 2211 213 2252 cura
227 2192 266 2252 de
279 2189 399 2268 publica
412 2209 443 2250 re
458 2199 488 2250 et
503 2191 541 2250 de
555 2189 667 2267 privata
687 2190 763 2266 fuit3
784 2210 915 2268 quocum
935 2203 964 2253 et
986 2194 1096 2254 domus

143 2285 198 2346 fuit
220 2296 250 2347 et
272 2283 377 2345 militia
404 2282 578 2356 communis,
607 2295 636 2345 et
659 2283 690 2344 id
714 2283 827 2362 inquo
852 2297 898 2346 est
926 2285 1020 2347 omnis
1049 2287 1096 2348 vis

143 2378 297 2452 amicitiae,
325 2379 510 2440 voluntatum
538 2377 703 2439 studiorum
738 2379 949 2441 sententiarum
978 2402 1097 2442 summa

144 2472 309 2537 consensio.
362 2475 468 2550 Itaque
492 2490 553 2533 non
578 2483 639 2532 tam
664 2471 720 2533 ista
740 2493 789 2534 me
811 2473 981 2552 sapientiae,
1004 2496 1098 2554 quam

142 2569 235 2630 modo
270 2566 401 2628 Fannius
435 2564 685 2640 commemoravit,
730 2568 808 2627 fama
849 2569 985 2643 delectat,
1020 2572 1099 2632 falsa

143 2661 320 2743 praesertim,
334 2682 423 2740 quarn
437 2661 519 2738 quod
533 2659 679 2722 amicitiae
692 2673 810 2723 nostrae
820 2663 992 2726 memoriam
1007 2686 1098 2742 spero

144 2758 352 2836 sempiternam
366 2757 446 2816 fore:
467 2755 558 2833 idque
576 2775 612 2816 eo
634 2754 707 2814 mihi
725 2754 817 2835 magis
839 2768 884 2818 est
903 2758 994 2832 cordi,
1011 2763 1098 2837 quod

144 2876 181 2917 ex
204 2852 342 2915 omnibus
364 2849 487 2912 saeculis
511 2849 561 2910 vix
585 2849 640 2910 tria
662 2860 714 2911 aut
741 2861 880 2929 quattuor
905 2853 1099 2916 nominantur

145 2948 226 3028 paria
239 2945 409 3018 amicorum,
420 2965 480 3022 quo
496 2944 526 3003 in
540 2963 647 3022 genere
657 2963 773 3022 sperare
787 2943 890 3007 videor
904 2947 1049 3026 Scipionis
1066 2963 1098 3012 et

145 3041 237 3104 Laelii
251 3039 410 3101 amicitiam
423 3049 525 3099 notam
539 3037 704 3116 posteritati
717 3039 787 3100 fore.

93 3148 131 3209 1ss
184 3139 338 3197 Fannius
362 3135 444 3193 Istuc
466 3132 595 3209 quidem,
617 3130 708 3206 Laeli,
732 3131 773 3192 ita
795 3121 917 3196 ne'cesse
939 3147 991 3197 est.
1034 3139 1098 3200 Sed

145 3229 286 3309 quoniam
301 3225 447 3288 amicitiae
456 3225 638 3287 mentionem
651 3224 746 3287 fecisti
762 3238 791 3288 et
805 3248 905 3289 sumus
921 3229 1017 3304 otiosi,
1032 3253 1099 3310 per-

145 3337 259 3404 gratum
286 3321 359 3382 mihi
386 3319 618 3396 feceris-spero
646 3319 716 3380 item
751 3323 977 3384 Scaevolae-si
1005 3346 1100 3403 quem

145 3421 322 3482 admodum
337 3419 414 3480 soles
429 3419 467 3480 de
482 3415 587 3479 ceteris
601 3418 689 3478 rebus
705 3438 772 3478 cum
787 3440 823 3480 ex
837 3431 867 3482 te
881 3422 1036 3500 quaeritur,
1054 3427 1101 3486 sic

225 3512 237 3550 a
