2362 3742
13 1687 25 1762 I.

287 1114 331 1181 u.
371 1113 540 1181 runnu
574 1112 831 1181 CICERONIS

123 1291 460 1386 'LAELIUS
513 1301 604 1384 DE
648 1299 983 1384 AMICITIA

101 1539 148 1622 Ἰ.
172 1558 301 1638 Quintus
317 1559 435 1622 Mucius
450 1579 543 1640 augur
562 1561 655 1622 multa
675 1580 791 1623 narrare
805 1561 844 1623 de
868 1565 902 1624 C.
929 1561 1032 1623 Laelio

81 1677 184 1718 socero
207 1676 261 1718 suo
283 1655 453 1718 memoriter
475 1667 504 1718 et
528 1655 658 1718 iucunde
680 1658 802 1732 solebat,
818 1677 876 1718 nec
897 1655 1032 1718 dubitare

14 1767 15 1770 ’
80 1751 162 1812 illum
175 1751 206 1812 in
222 1749 303 1812 omni
317 1771 453 1813 sermone
467 1752 615 1828 appellare
637 1749 809 1828 sapientem.
853 1751 918 1828 Ego
933 1761 1032 1811 autem

13 1826 20 1870 I

13 1925 15 1956 ⁹
80 1952 159 2020 toga,
169 1953 210 2016 ut,
223 1941 324 2019 quoad
338 1959 458 2019 possem
474 1951 503 2002 et
517 1939 626 2016 liceret,
639 1959 657 2000 a
671 1939 749 2001 senis
762 1941 854 2001 Iatere
868 1958 1032 2017 numquam
1118 1975 1119 1979 =

80 2035 272 2097 discederem.
317 2037 423 2112 Itaque
444 2036 537 2095 multa
564 2036 603 2095 ab
628 2053 665 2096 eo
692 2035 853 2112 prudenter
871 2032 1029 2111 disputata,

79 2133 172 2192 multa
206 2130 295 2192 etiam
330 2129 457 2191 breviter
492 2141 521 2190 et
562 2130 720 2191 commode
755 2128 836 2190 dicta
871 2127 1030 2190 memoriae

79 2226 268 2302 mandabam,
297 2223 418 2301 fierique
450 2224 606 2284 studebam
632 2221 694 2284 eius
718 2219 876 2301 prudentia
903 2221 1028 2284 doctior.

80 2323 151 2397 Quo
165 2331 282 2380 mortuo
296 2339 344 2380 me
358 2320 398 2380 ad
419 2317 591 2397 pontificem
605 2319 779 2380 Scaevolam
801 2316 923 2388 contub,
939 2337 1029 2395 quem

77 2434 171 2475 unum
185 2425 303 2474 nostrae
317 2411 443 2474 civitatis
458 2423 488 2474 et
502 2411 623 2490 ingenio
645 2422 674 2473 et
694 2410 805 2472 iustitia
817 2411 1030 2489 praestantissi-
1063 2427 1065 2432 ·

14 1873 17 1909 ιν
79 1858 194 1925 apatre
221 1845 263 1907 ita
285 1865 366 1907 eram
390 1845 536 1907 deductus
559 1845 796 1907 adScaevolam
819 1856 938 1923 sumpta
958 1843 1032 1906 virili

77 2529 162 2569 mum
183 2509 281 2570 audeo
303 2507 411 2569 dicere.
454 2507 516 2568 Sed
536 2508 575 2569 de
594 2507 653 2567 ho'c
667 2505 739 2567 alias
749 2527 758 2582 3
778 2525 860 2567 nunc
881 2508 973 2568 redeo
989 2509 1028 2569 ad

45 2651 47 2658 .
76 2613 226 2682 augurem.
290 2605 368 2664 Cum
396 2621 485 2680 saepe
509 2603 610 2677 multa,
640 2611 703 2661 tum
726 2599 849 2662 memini
876 2599 966 2676 domi,
996 2599 1029 2662 in

74 2695 255 2778 hemicyclio
269 2698 423 2758 sedentem
437 2707 470 2756 ut
484 2697 606 2770 solebat,
617 2716 685 2756 cum
700 2707 729 2756 et
744 2714 800 2774 ego
815 2715 911 2757 essem
924 2715 984 2756 una
999 2708 1029 2757 et

75 2791 166 2872 pauci
197 2792 361 2853 admodum
388 2789 552 2864 familiares,
582 2789 614 2850 in
641 2809 711 2851 eum
739 2809 906 2851 sermonem
943 2789 1028 2852 illum

74 2887 218 2962 incidere,
244 2885 295 2964 qui
323 2896 386 2946 tum
414 2887 474 2946 sere
502 2896 564 2946 erat
591 2884 622 2944 in
650 2904 710 2946 ore.
754 2883 919 2946 Meministi
947 2885 1026 2947 enim

74 2982 220 3059 profecto,
236 2978 345 3052 Attice,
363 2990 393 3040 et
416 2999 452 3040 eo
477 2978 570 3057 magis
589 2981 674 3060 quod
695 2982 726 3038 P.
750 2977 881 3057 Sulpicio
903 2981 1025 3041 utebare

73 3077 212 3150 multum,
243 3095 312 3134 enm
341 3072 366 3134 is
396 3072 529 3135 tribunus
557 3073 654 3151 plebis
686 3071 805 3151 capitali
834 3073 905 3135 odio
933 3096 952 3134 a
987 3077 1024 3150 Q.

73 3169 224 3250 Pompeio
249 3169 300 3248 qui
324 3179 386 3228 tum
412 3179 474 3229 erat
498 3169 600 3228 consul
622 3167 787 3244 dissideret,
806 3188 935 3246 quocum
958 3189 1027 3229 con-

71 3263 258 3326 iunctissIme
270 3274 299 3323 et
313 3261 514 3323 amantissime
525 3261 644 3335 vixerat,
658 3272 768 3339 quanta
779 3256 857 3322 e‘sset
871 3261 1026 3323 hominum

70 3361 122 3420 vel
151 3355 308 3419 admiratio
333 3358 381 3418 vel
403 3357 528 3436 querela.
573 3357 680 3433 Itaque
704 3366 767 3416 tum
790 3357 942 3432 Scaevola,
957 3376 1026 3417 cum

70 3451 103 3512 in
134 3471 201 3513 eam
225 3450 321 3528 ipsam
359 3448 540 3512 mentionem
574 3447 736 3524 incidisset,
766 3449 902 3528 exposuit
940 3449 1026 3512 nobis

359 3547 361 3551 .
560 3560 577 3600 B
933 3543 945 3586 ι

1062 2587 1082 2650 2

1060 3339 1079 3400 3
