2362 3742
115 285 211 348 rra-so]
295 339 296 342 ,
465 287 520 336 aa
537 285 714 336 AMICITIA

117 428 171 489 tari
199 426 311 510 [sperni
339 427 420 490 ab
402 448 437 488 us
465 439 579 490 veteres
607 426 759 505 amicitias,
785 425 931 508 indulgeri
958 423 1107 511 novis].

118 521 201 598 Quid
216 535 316 584 autem
336 522 461 597 stultius
485 543 583 600 quam,
605 543 673 584 cum
694 523 852 602 plurimum
871 520 966 602 copiis
979 521 1068 582 iacul-
1081 517 1118 584 55

117 616 228 678 tatibus
263 616 370 694 opibus
404 615 526 694 possint,
559 627 657 678 cetera
691 637 792 695 parare
826 637 902 694 quae
930 626 1068 696 parantur
1154 640 1157 650 ¹

107 712 252 790 pecunia,
269 731 372 790 equos,
387 713 522 788 famulos,
538 723 653 774 vestem
667 713 822 792 egregiam,
837 733 907 774 vasa
922 709 1070 790 pretiosa3

117 806 229 868 amicos
243 826 305 868 non
319 826 430 884 parare,
446 805 589 884 optimam
604 818 634 868 et
646 806 873 884 pulcherrimam
888 805 966 867 vitae
981 815 1014 864 ut
1027 803 1069 865 ita
1095 879 1097 890 Ι

118 901 216 962 dicam
238 900 474 980 supellectilem?
524 900 642 963 Etenim
667 913 766 962 cetera
788 899 866 962 cum'
882 909 995 978 parant,
1020 897 1069 959 cui

116 1006 222 1074 parent
241 994 379 1056 nesciunt
399 1015 456 1056 nec
475 993 557 1056 cuius
571 1015 662 1056 causa
675 997 830 1072 laborent3
852 995 914 1056 eius
930 993 1010 1054 enim
1024 1003 1069 1054 est

116 1089 241 1152 istorum
272 1089 413 1169 quidque,
442 1088 494 1168 qui
521 1089 592 1158 vicit
619 1089 749 1152 viribus:
783 1089 979 1151 amicitiarum
1014 1107 1069 1148 sua

118 1184 226 1262 cuique
237 1195 392 1262 permanet
401 1183 514 1246 stabilis
525 1196 555 1246 et
563 1189 644 1245 certa
654 1183 811 1263 possessio.
844 1186 936 1261 Quod
945 1180 1068 1244 etiamsi

118 1278 170 1339 illa
183 1289 325 1339 maneant
345 1297 422 1355 quae
443 1289 512 1338 sunt
526 1298 612 1384 quasr
602 1277 708 1340 dona
722 1281 879 1354 Fortunae,
894 1289 994 1339 tamen
1007 1275 1069 1337 vita

117 1372 284 1434 incultaet
306 1375 423 1434 deserta
441 1374 480 1434 ab
503 1371 605 1434 amicis
629 1393 692 1435 non
716 1372 811 1452 possit
838 1393 902 1435 esse
926 1371 1066 1472 iucunda.

117 1468 179 1530 Sed
198 1467 274 1529 haec
294 1467 365 1528 hact
353 1479 448 1528 t.enus

159 1563 243 1623 XVI.
268 1559 480 1624 Constituendi
503 1573 603 1622 autem
629 1572 697 1622 sunt
724 1557 776 1640 qni
803 1559 862 1622 sint
883 1560 915 1622 in
939 1556 1068 1622 amicitia
1081 1571 1120 1634 5ss

118 1657 191 1717 fines
212 1668 242 1718 et
262 1655 346 1734 quasi
367 1653 484 1716 termini
505 1654 655 1734 diligendi.
698 1656 747 1717 De
768 1655 875 1734 quibus
899 1666 958 1717 tres
979 1653 1068 1715 video

118 1748 280 1812 sententias
296 1749 373 1825 ferri,
388 1767 512 1826 quarum
534 1750 646 1810 nullam
666 1751 783 1827 probo:
803 1769 893 1810 unam
908 1749 1069 1810 ut'eodem

118 1846 212 1906 modo
225 1863 294 1924 erga
307 1842 437 1904 amicum
450 1843 548 1904 affecti
561 1842 661 1917 simus,
677 1861 738 1923 quo
757 1862 825 1922 erga
837 1853 956 1904 nosmet
969 1842 1069 1921 ipsos3

119 1941 246 2011 alterum
270 1949 304 1999 ut
322 1950 424 2000 nostra
446 1937 477 1998 in
498 1937 611 1999 amicos
634 1937 844 2000 benevolentia
863 1937 980 2000 illorum
1001 1957 1070 2015 erga

119 2054 175 2095 nos
210 2032 438 2096 benevolentiae
466 2031 574 2110 pariter
606 2033 828 2111 aequaliterque
866 2033 1070 2111 respondeat;

119 2127 236 2190 tertiam
260 2138 294 2188 ut
321 2125 425 2204 quanti
450 2125 578 2204 quisque
603 2146 635 2188 se
663 2126 726 2204 ipse
754 2126 832 2201 facit,
860 2126 935 2188 tanti
956 2128 1007 2187 fiat
1031 2126 1069 2187 ab

22 2240 24 2245 ·
120 2221 231 2283 amicis.
257 2223 374 2282 Hamm
385 2220 472 2282 trium
484 2220 696 2282 sententiarum
704 2221 778 2282 nulli
789 2241 906 2300 prorsus
916 2219 1069 2282 assentior.
1084 2227 1122 2290 57

121 2321 188 2380 Nec
210 2317 289 2380 enim
310 2318 361 2394 illa
381 2315 476 2394 prima
494 2337 563 2378 vera
583 2329 635 2393 est,
658 2329 692 2379 ut
712 2318 965 2396 quemadmodum
985 2317 1017 2377 in
1039 2337 1070 2378 se

76 2465 78 2469 .
121 2414 257 2493 quisque,
273 2411 316 2474 sic
329 2414 361 2474 in
372 2411 501 2472 amicum
515 2411 554 2473 sit
567 2412 720 2474 animatus.
764 2416 864 2489 Quam
879 2412 1069 2488 multaenim,

122 2528 198 2587 qnae
218 2519 320 2570 nostra
338 2527 428 2568 causa
451 2527 615 2584 numquam
640 2509 811 2580 faceremus,
837 2507 960 2569 facimus
982 2528 1072 2569 causa

121 2604 303 2666 amicorum!
325 2601 438 2681 precari
452 2605 491 2664 ab
505 2602 638 2682 indigno,
654 2603 839 2682 supplicare;
857 2616 920 2665 tum
938 2603 1072 2665 acerbius

121 2699 153 2763 in
183 2699 313 2778 aliquem
335 2697 443 2770 invehi,
469 2697 667 2775 insectarique
687 2699 910 2761 vehementius:
934 2719 1011 2778 qnae
1042 2697 1073 2759 in

121 2793 230 2874 nostris
244 2795 332 2854 rebus
346 2810 408 2853 non
423 2790 492 2852 satis
507 2791 640 2865 honeste,
656 2789 687 2852 in
701 2791 862 2855 amicorum
876 2794 950 2855 fiunt
969 2795 1074 2854 hones-

122 2888 244 2951 tissime.
287 2889 463 2964 Multaeque
477 2905 522 2948 res
537 2886 649 2948 suntin
664 2886 770 2964 quibus
785 2889 823 2949 de
838 2886 897 2949 suis
908 2886 1074 2951 commodis

122 2985 177 3048 viri
201 2985 275 3048 boni
299 2985 392 3045 multa
417 2984 575 3057 detrahunt
599 2983 774 3063 detrahique
796 2983 954 3064 patiuntur,
977 2997 1010 3047 ut
1033 2984 1074 3046 eis

122 3079 212 3142 amici
234 3077 333 3158 potius
354 3098 444 3156 quam
464 3077 522 3156 ipsi
544 3079 684 3140 fruantur.
725 3082 829 3141 Altera
854 3080 1001 3142 sententia
1021 3092 1073 3155 est,
1088 3090 1127 3153 58
1170 3139 1171 3146 ,

123 3195 201 3254 quae
223 3173 326 3236 definit
347 3172 507 3234 amicitiam
527 3172 647 3250 paribus
676 3173 779 3235 officiis
807 3195 843 3234 ac
864 3175 1075 3237 voluntatibus

119 3273 199 3338 ‘Hoc
223 3267 344 3348 quidem
368 3277 414 3328 est
440 3265 528 3326 nimis
556 3267 661 3346 exigue
690 3279 720 3329 et
747 3268 861 3330 exiliter
884 3272 924 3330 ad
935 3272 1075 3333 ‘calculos

124 3383 233 3426 vocare
248 3359 415 3434 amicitiam,
428 3371 461 3420 ut
475 3380 528 3437 par
542 3362 579 3421 sit
592 3360 667 3422 ratio
681 3374 872 3440 acceptorum
888 3376 917 3424 et
930 3365 1075 3426 datorum.

125 3456 256 3520 Divitior
269 3453 343 3548 mihi
357 3466 388 3516 et
401 3453 566 3516 affluentior
579 3455 696 3516 videtur
709 3476 774 3518 esse
788 3477 857 3518 vera
870 3457 1007 3532 amicitia,
1021 3480 1078 3520 nee

973 3551 997 3592 ιι
