2360 3782
557 220 721 275 marrus
1015 219 1118 285 [rr-ro
1149 203 1150 222 ¹

162 368 317 445 eluendae,
347 379 451 430 et-ut
480 370 629 430 Catonern
664 367 765 429 dicere
792 366 1122 428 audivi-dissuendae

162 460 255 540 magis
277 481 367 539 quam
388 461 623 523 discindendae:
644 460 701 522 nisi
727 460 875 539 quaedam
890 447 1054 521 admodum
1075 459 1122 518 in-
1149 455 1150 466 ¹

161 555 321 616 tolerabilis
350 555 455 616 iniuria
482 554 628 630 exarserit,
662 566 695 616 ut
735 575 834 632 neque
871 566 985 616 rectum
1016 573 1120 630 neque

161 655 318 715 honesturn
328 653 365 716 sit
378 673 435 714 nec
448 653 509 715 fieri
518 654 612 732 possit
621 665 653 714 ut
662 673 722 716 non
732 653 831 715 statim
842 652 980 714 alienatio
988 652 1122 714 disiunc-

112 741 150 804 77
162 749 262 826 tioque
283 748 419 812 facienda
432 748 476 811 sit
507 749 558 810 Sin
573 759 672 810 autem
687 760 739 810 aut
753 768 869 809 morum
884 759 935 809 aut
949 746 1120 808 studiorum

162 843 357 906 commutatio
382 845 605 922 quaedam—-ut
625 843 689 905 fieri
713 844 909 905 solet-sacta
930 842 991 917 erit,
1007 853 1061 902 aut
1087 841 1119 900 in

162 936 204 998 rei
215 937 352 1015 publicae
366 937 499 1016 partibus
513 936 660 999 dissensio
675 936 872 998 intercesserit
886 959 892 996 :
913 937 1021 1014 loquor
1034 935 1119 996 enim
1149 981 1150 986 1

164 1031 232 1104 iam,
248 1044 281 1093 ut
312 1034 414 1110 paullo
441 1044 511 1094 ante
536 1032 605 1107 dixi,
633 1051 695 1094 non
721 1034 760 1093 de
787 1030 964 1111 sapientium
993 1031 1047 1091 sed
1081 1031 1121 1090 de

163 1126 372 1188 communibus
404 1125 559 1187 amicitiis:
592 1127 759 1188 cavendum
786 1125 840 1186 erit
866 1145 905 1186 ne
928 1144 990 1187 non
1018 1125 1117 1185 solum

163 1218 312 1281 amicitiae
343 1220 506 1298 depositae,
537 1221 591 1282 sed
626 1218 715 1281 etiam
754 1217 927 1281 inimicitiae
961 1229 1120 1296 susceptae

162 1313 325 1376 videantur.
368 1309 450 1375 Nihil
478 1314 559 1374 enim
587 1315 700 1393 turpius
728 1334 817 1392 quam
845 1335 914 1376 cum
939 1334 975 1374 eo
1003 1314 1117 1375 bellurn

162 1429 271 1487 gerere,
309 1429 439 1488 quocum
466 1409 644 1470 familiariter
671 1408 785 1471 vixeris,
841 1411 890 1471 Ab
917 1407 1049 1470 amicitia
1079 1411 1117 1484 Q.

164 1502 300 1582 Pompeii
328 1524 397 1566 meo
423 1503 546 1566 nomine
574 1524 607 1565 se
628 1515 803 1579 removerat,
827 1515 860 1565 ut
884 1502 973 1579 scitis,
995 1500 1099 1581 Scipio
1110 1525 1119 1578 3

164 1611 284 1676 propter
310 1598 528 1660 dissensionem
551 1610 660 1674 autem,
687 1617 763 1676 quae
787 1610 849 1660 erat
873 1598 904 1664 in
927 1617 958 1659 re
985 1596 1117 1676 publica,

162 1692 307 1754 alienatus
331 1703 376 1754 est
398 1713 416 1752 a
440 1694 554 1771 collega
580 1704 682 1754 nostro
711 1694 855 1754 Metello:
876 1703 1034 1769 utrumque
1056 1691 1119 1770 egit

161 1786 293 1864 graviter,
326 1785 500 1847 auctoritate
535 1797 566 1847 et
597 1785 760 1848 offensione
788 1785 880 1847 animi
906 1805 968 1848 non
995 1787 1117 1846 acerba.

112 1869 151 1932 78
164 1882 262 1956 Quam
277 1883 316 1942 ob
330 1901 393 1942 rem
407 1880 536 1958 primum
551 1881 651 1941 danda
671 1900 762 1958 opera
782 1891 835 1955 est,
861 1901 899 1942 ne
922 1901 983 1958 qua
1002 1879 1118 1940 amico·

64 1995 67 2002 ’
162 1994 228 2035 rum
243 1974 367 2036 discidia
380 1976 472 2050 fiant,
493 1974 539 2035 sin
553 1978 611 2036 tale
625 1975 739 2053 aliquid
753 1973 892 2048 evenerit,
907 1986 941 2035 ut
952 1975 1116 2036 exstinctae

163 2069 263 2146 potius
278 2067 424 2129 amicitiae
439 2088 529 2146 quam
542 2088 701 2146 oppressae
716 2089 780 2130 esse
794 2069 958 2131 videantur.
1000 2071 1117 2132 Caven-

164 2164 237 2223 dum
258 2183 328 2224 vero
349 2183 388 2223 ne
409 2162 499 2223 etiam
519 2161 551 2223 in
572 2182 676 2241 graves
697 2162 865 2224 inimicitias
887 2173 1063 2224 convertant
1085 2183 1117 2224 se

163 2256 339 2318 amicitiae:
367 2256 537 2334 exquibus
576 2255 677 2335 iurgia,
713 2257 880 2332 maledicta,
917 2257 1118 2319 contumeliae

164 2352 328 2430 gignuntur.
372 2352 458 2428 Quae
483 2363 592 2426 tamen,
622 2351 647 2412 si
667 2351 836 2413 tolerabiles
859 2363 951 2425 erunt,
975 2354 1118 2414 ferendae

164 2458 240 2522 sunt,
263 2458 293 2508 et
313 2445 363 2506 hic
382 2448 480 2509 honos
500 2446 592 2509 veteri
613 2446 760 2508 amicitiae
780 2447 963 2522 tribuendus,
984 2459 1016 2510 ut
1036 2447 1063 2510 is
1086 2447 1119 2509 in

163 2543 251 2619 culpa
265 2541 303 2602 sit
317 2539 369 2618 qui
383 2540 482 2612 saciat,
495 2561 558 2602 non
572 2540 597 2601 is
612 2540 662 2618 qui
676 2541 804 2620 patiatur
816 2541 959 2603 iniuriam.

206 2635 338 2698 Omnino
359 2635 493 2697 omnium
515 2637 620 2697 horum
636 2635 775 2698 vitiorum
798 2647 887 2715 atque
911 2636 1119 2700 incommodo-

114 2737 152 2801 79
163 2749 227 2790 rum
241 2748 300 2790 una
314 2727 412 2791 cautio
427 2741 471 2790 est
495 2740 584 2808 atque
604 2751 665 2790 nna
677 2729 827 2807 provisio:
847 2742 879 2791 ut
894 2749 932 2791 ne
953 2729 1042 2792 nimis
1058 2731 1118 2794 cito

165 2824 285 2904 diligere
299 2822 451 2902 incipiant,
473 2844 549 2885 neve
573 2844 636 2885 non
655 2824 768 2903 dignos.
813 2825 904 2904 Digni
926 2838 1026 2888 autem
1049 2839 1118 2888 sunt

166 2917 303 2993 amicitia,
338 2917 446 2996 quibus
480 2917 512 2979 in
544 2917 615 2996 ipsis
642 2917 721 2980 inest
747 2939 837 2981 causa
869 2939 920 2980 cur
947 2920 1115 2999 diligantur.

167 3019 278 3076 Rarum
305 3018 418 3092 genus!
450 3015 490 3073 Et
515 3013 637 3092 quidem
661 3012 763 3074 omnia
786 3015 938 3091 praeclara
963 3034 1037 3090 rara,
1062 3037 1117 3078 nec

167 3108 329 3186 quidquam
360 3105 507 3167 difficilius
529 3127 618 3184 quam
640 3106 768 3185 reperire
796 3107 878 3184 quod
906 3106 945 3168 sit
977 3109 1061 3192 omni
1083 3131 1117 3171 ex

166 3214 249 3280 parte
270 3199 300 3261 in
324 3221 378 3262 suo
391 3221 499 3280 genere
520 3203 689 3279 perfectum.
732 3203 792 3264 Sed
813 3201 946 3280 plerique
967 3222 1066 3281 neque
1089 3205 1117 3264 in
1149 3229 1150 3232 ¹

166 3298 253 3356 rebus
268 3294 403 3355 humanis
418 3295 584 3372 quidquam
597 3297 711 3356 bonum
726 3308 843 3370 norunt,
865 3295 922 3357 nisi
943 3299 1026 3374 quod
1047 3300 1118 3359 sruc-

167 3401 287 3450 tuosum
302 3387 359 3464 sit,
373 3399 403 3448 et
416 3389 537 3460 amicos,
553 3400 695 3468 tanquam
709 3391 850 3469 pecudes,
861 3410 913 3453 eos
927 3390 1116 3469 potissimum

247 3478 271 3520 as
