2362 3742
81 243 183 306 aare]
438 243 493 292 aa
509 242 686 294 AMICITIA

83 375 185 446 duces
228 385 303 463 Quis
316 385 421 447 clarior
435 385 465 446 iu
481 386 607 448 Graecia
627 387 840 463 Themistocle,
855 387 923 466 quis
935 399 1039 466 poten-

84 481 164 542 tior?
227 481 288 558 Qui
322 501 391 542 cum
423 479 583 558 imperator
616 483 696 542 bello
742 482 861 544 Persico
900 482 1038 544 servitute

85 575 240 637 Graeciam
262 576 453 649 liberavisset,
483 587 662 653 propterque
690 576 832 637 invidiam
860 577 891 638 in
920 577 1038 639 exilium

85 672 222 748 expulsus
238 681 322 745 esset,
346 669 477 748 ingratae
491 669 603 746 patriae
618 669 753 731 iniuriam
772 691 834 732 non
853 671 926 746 tulit,
949 692 1039 750 quam

83 767 157 826 ferre
182 765 309 826 debuit:
330 764 401 825 fecit
424 762 514 838 idem,
538 765 620 841 quod
640 786 679 825 xx
699 765 784 825 annis
806 777 875 827 ante
890 768 970 844 apud
984 786 1039 828 nos

83 861 193 920 fecerat
208 860 391 922 Coriolanus.
436 857 495 919 His
517 858 634 920 adiutor
648 870 751 920 contra
764 860 888 937 patriam
903 860 1039 922 inventus

84 964 129 1015 est
140 972 248 1028 nemo,
270 951 371 1030 itaque
385 951 441 1012 sibi
455 963 581 1012 mortem
595 963 719 1030 uterque
733 953 884 1014 conscivit.
929 955 998 1030 Qua
1008 975 1039 1016 re
1051 954 1091 1018 43

84 1047 150 1109 talis
185 1048 387 1126 improborum
422 1047 580 1108 consensio
616 1067 679 1107 non
713 1050 805 1109 modo
849 1047 1039 1110 excusatione

83 1140 230 1202 amicitiae
259 1143 387 1219 tegenda
413 1160 476 1201 non
504 1151 556 1213 est,
586 1141 640 1200 sed
664 1140 764 1218 potius
787 1141 934 1219 supplicio
958 1143 1058 1226 omnis

84 1235 263 1297 vindicanda
286 1245 349 1296 est:
378 1246 471 1295 utne
498 1233 563 1312 quis
594 1254 769 1298 concessum
797 1247 883 1314 putet
910 1235 1039 1297 amicum

84 1330 132 1390 vel
160 1331 273 1391 bellum
300 1327 411 1406 patriae
444 1327 618 1389 inferentem
649 1329 741 1406 sequi.
787 1331 878 1405 Quod
908 1330 1037 1408 quidem,

85 1434 119 1484 ut
148 1421 195 1484 re's
228 1423 269 1484 ire
298 1423 405 1500 coepit,
431 1422 513 1484 haud
543 1421 605 1482 scio
639 1443 677 1482 an
710 1421 871 1500 aliquando
907 1425 1038 1485 futurum

85 1517 130 1579 sit.
192 1516 268 1577 Mihi
295 1528 396 1578 autem
424 1535 486 1577 non
521 1515 627 1578 minori
662 1536 749 1578 curae
788 1528 833 1579 est
870 1516 966 1595 qualis
992 1538 1039 1578 res

84 1612 205 1691 publica
225 1622 437 1690 postmortem
463 1631 561 1672 meam
582 1613 689 1686 futura,
711 1632 801 1690 quam
830 1611 924 1690 qualis
947 1613 1039 1676 hodie

85 1706 131 1768 sit.

126 1803 216 1862 XIII.
241 1804 328 1862 Haec
353 1798 443 1889 igitur
465 1799 559 1877 prima
585 1801 633 1860 lex
653 1798 800 1861 amicitiae
824 1799 981 1876 sanciatur,
1006 1812 1039 1862 ut
1051 1808 1091 1870 44

84 1898 123 1956 ab
144 1894 247 1956 amicis
267 1897 394 1955 honesta
421 1903 567 1970 petamus,
591 1893 754 1954 amicorum
790 1914 879 1955 causa
912 1895 1039 1955 honesta

84 1988 233 2063 faciamus,
243 2008 282 2049 ne
291 1987 498 2064 exspectemus
513 1985 635 2063 quidem
649 1987 721 2047 dum
734 2007 878 2066 rogemur.
900 1987 1038 2050 Studium

85 2104 201 2162 semper
228 2082 314 2158 adsit,
343 2080 495 2142 cunctatio
529 2080 624 2142 absit:
656 2081 813 2142 consilium
855 2102 926 2144 vero
966 2084 1037 2143 dare

83 2180 247 2239 audeamus
261 2177 361 2237 libere.
406 2174 569 2235 Plurimum
583 2175 614 2234 in
627 2173 756 2236 amicitia
775 2175 939 2236 amicorum
959 2177 1037 2237 bene

84 2271 273 2333 suadentium
297 2271 394 2330 valeat
421 2269 589 2341 auctoritas
620 2289 715 2346 eaque
747 2280 776 2330 et
803 2269 979 2330 adhibeatur
998 2271 1037 2330 ad

84 2367 270 2427 monendum
297 2384 359 2424 non
380 2365 472 2424 modo
495 2375 606 2440 aperte,
626 2365 680 2424 sed
701 2363 789 2425 etiam
811 2363 915 2425 acriter
946 2364 971 2424 si
991 2385 1037 2426 res

44 2499 45 2504 κ
82 2458 257 2538 postulabit,
282 2470 312 2519 et
354 2456 505 2518 adhibitae
535 2468 678 2534 pareatur.
733 2460 812 2517 Nam
847 2458 1035 2535 quibusdam,
1049 2476 1088 2537 45

83 2573 161 2632 quos
191 2553 282 2613 audio
320 2551 468 2629 sapientes
503 2550 621 2612 habitos
648 2550 680 2610 in
723 2551 856 2626 Graecia,
891 2551 1037 2630 placuisse

83 2647 193 2726 opInor
218 2645 363 2707 mirabilia
377 2646 525 2723 quaedam
551 2645 617 2725 (sed
638 2644 712 2705 nihil
734 2656 779 2706 est
801 2647 884 2723 quod
908 2647 951 2707 illi
975 2667 1037 2709 non

82 2752 299 2821 persequantur
325 2739 478 2820 argutiis):
513 2738 620 2817 partim
654 2738 808 2817 fugiendas
840 2760 904 2801 esse
931 2739 1037 2802 nimias

81 2835 235 2912 amicitias,
247 2855 285 2896 ne
302 2853 424 2896 necesse
436 2833 473 2894 sit
481 2853 575 2893 unum
586 2831 745 2894 sollicitum
754 2852 819 2894 esse
828 2852 883 2911 pro
894 2834 1038 2912 pluribns;

82 2930 155 2992 satis
179 2949 327 3008 superque
354 2948 419 2990 esse
442 2927 498 2988 sibi
523 2947 642 2988 suarum
666 2926 775 3004 cuique
800 2939 907 3002 rerum,
934 2928 1037 2989 alienis

81 3024 171 3086 nimis
195 3022 340 3101 implicari
366 3023 525 3084 molestum
554 3041 618 3083 esse
629 3044 639 3098 3
671 3021 945 3084 commodissimum
973 3043 1037 3084 esse

82 3139 174 3196 quam
209 3116 370 3178 laxissimas
400 3117 531 3177 habenas
557 3116 667 3177 habere
690 3115 844 3191 amicitiae,
881 3137 955 3194 quas
988 3119 1036 3178 vel

81 3215 215 3274 adducas
230 3232 299 3272 cum
313 3210 386 3272 velis
400 3212 448 3272 vel
456 3210 587 3271 remittas
603 3233 609 3270 :
632 3222 721 3288 caput
732 3210 811 3271 enim
824 3231 889 3272 esse
898 3213 937 3272 ad
948 3214 1048 3282 beate,

80 3307 245 3369 vivendum
269 3303 464 3379 securitatem,
495 3324 554 3382 qua
581 3305 636 3364 frui
662 3325 725 3365 non
752 3304 847 3383 possit
871 3305 986 3368 animus
1011 3305 1036 3368 si

80 3413 236 3478 tamquam
244 3398 386 3480 parturiat
394 3419 471 3458 rmus
482 3419 536 3476 pro
544 3398 686 3476 pluribus.
729 3399 1087 3483 Aliosautemdicere4ss

526 3523 528 3528 ,
588 3512 605 3554 C
929 3495 955 3540 17
