2362 3742
89 229 190 294 aeae]
439 231 494 283 aa
510 230 686 282 AMICITIA

130 401 299 463 sclrvom
344 383 634 493 Quidfamicitiamss
649 420 751 462 nonne
771 399 857 462 facile
879 400 915 476 ei,
931 400 981 479 qui
999 404 1039 462 ob

90 514 157 556 eam
168 515 283 555 summa
293 496 352 557 fide
367 493 534 557 constantia
544 493 712 573 iustitiaque
723 506 868 557 servatam
882 495 1040 558 maximam

89 589 214 670 gloriam
228 589 361 667 ceperit?
1042 669 1044 674 Ι

130 685 220 744 VIII.
265 686 411 744 Laenius.
454 680 523 742 Vim
547 685 606 744 hoc
627 682 748 760 quidem
766 694 811 745 est
825 686 947 746 assenez
968 682 1041 763 quid
1053 682 1093 746 26

91 776 171 838 eninr
196 778 283 839 refert
314 798 373 856 qua
403 796 451 838 me
480 776 594 839 radone
622 776 757 856 cogatis?
800 777 914 857 Cogitis
943 789 1040 840 certe:

90 870 196 932 studiis
225 870 303 932 enim
327 891 509 950 generorum,
539 871 710 949 praesertim
738 871 769 932 in
796 891 827 934 re
855 875 944 949 bona,
973 892 1040 933 cum

91 964 211 1026 difficile
226 977 270 1027 est
284 976 346 1026 tum
359 985 398 1026 ne
412 985 540 1042 aequum
554 964 675 1043 quidem
689 965 839 1027 obsistere.

132 1058 309 1138 Saepissime
329 1057 416 1137 igitur
435 1057 508 1118 mihi
529 1061 568 1120 de
589 1058 718 1119 amicitia
746 1058 888 1138 cogitanti
914 1057 1041 1120 maxime

90 1153 439 1215 illud'considerandum
462 1153 555 1215 videri
580 1156 664 1226 solet,
690 1165 788 1214 utrum
810 1165 931 1232 propter
952 1152 1043 1215 imbe-

92 1247 245 1309 cillitatem
259 1259 349 1325 atque
363 1246 495 1324 inopiam
508 1246 677 1309 desiderata
690 1247 728 1308 sit
741 1246 922 1323 amicitiant
935 1245 1043 1308 dandis

91 1341 329 1422 recipiendisque
357 1341 477 1415 meritis,
507 1345 588 1420 quod
616 1342 682 1420 quis
712 1342 809 1404 minus
839 1363 893 1421 per
920 1362 952 1404 se
979 1342 1043 1420 ipse

92 1448 203 1515 posset,
225 1437 257 1498 id
280 1437 429 1514 acciperet
452 1438 491 1497 ab
519 1435 578 1498 alio
606 1436 794 1516 vicissimque
821 1439 977 1501 redderet:
1005 1457 1043 1498 an

93 1543 170 1593 esset
192 1533 251 1592 hoc
275 1531 397 1610 quidem
419 1530 570 1610 proprium
591 1531 746 1606 amicitiae,
769 1535 824 1594 sed
844 1532 993 1611 antiquior
1013 1544 1044 1594 et

93 1624 243 1704 pulchrior
270 1637 300 1686 et
328 1625 421 1704 magis
445 1646 463 1685 a
486 1635 591 1687 natura
616 1625 681 1703 ipsa
705 1628 838 1703 prolecta
862 1626 921 1687 alia
944 1645 1041 1688 causa.

93 1723 188 1780 Amor
209 1719 296 1794 enim,
313 1740 350 1783 ex
370 1739 430 1798 quo
444 1717 575 1780 amicitia
593 1718 747 1781 nominata
768 1732 820 1793 est,
839 1721 977 1800 princeps
999 1732 1044 1781 est

93 1816 134 1875 ad
144 1813 383 1875 benevolentiam
395 1813 642 1893 coniungendam.
674 1817 754 1876 Nam
767 1815 909 1877 utilitates
923 1814 1044 1894 quidem

95 1907 185 1969 etiarn
199 1910 237 1970 ab
252 1907 287 1968 iis
301 1907 503 1986 percipiuntur
517 1929 613 1987 saepe,
625 1908 675 1987 qui
690 1909 877 1972 simulatione
898 1910 1044 1974 amicitiae

95 2005 232 2065 coluntur
241 2013 271 2064 et
282 2004 474 2064 observantur
485 2002 626 2084 temporis
636 2024 743 2080 causa;
764 2004 795 2065 in
805 2005 935 2066 amicitia
945 2015 1045 2066 autem

94 2098 170 2160 nihil
190 2100 291 2159 fictum
313 2107 365 2171 est,
381 2096 454 2157 nihil
468 2097 646 2174 simulatum,
662 2109 692 2160 et
713 2097 858 2177 quidquid
880 2109 932 2174 est,
947 2099 986 2174 id¹
1001 2109 1045 2160 est
1072 2137 1088 2146 ··

94 2213 198 2254 verum
210 2203 239 2253 et
253 2190 457 2254 voluntarium
495 2193 683 2270 Quapropter
696 2211 715 2252 a
727 2203 832 2256 natura
845 2192 917 2252 mihi
931 2191 1046 2255 videtur
1058 2196 1097 2261 at

95 2286 196 2365 potius
223 2306 314 2364 quam
343 2287 381 2346 ab
410 2284 573 2364 indigentia
601 2295 665 2346 orta
686 2285 824 2361 amicitia,
847 2285 1046 2366 applicatione

95 2381 189 2460 magis
211 2379 302 2441 animi
326 2400 396 2440 cum
418 2380 549 2457 quodam
572 2399 661 2440 sensu
682 2371 811 2455 amandi,
832 2401 921 2458 quam
938 2380 1047 2459 cogita·

95 2476 179 2537 tione
204 2485 346 2553 quantum
369 2473 420 2534 illa
440 2494 487 2535 res
510 2473 643 2535 utilitatis
667 2486 746 2536 esset
768 2474 912 2536 habitura.
955 2476 1047 2552 Quod

96 2565 218 2649 quidem
233 2571 320 2646 quale
335 2567 382 2643 sit,
398 2567 487 2629 etiam
502 2567 532 2628 in
545 2567 648 2630 bestiis
662 2569 840 2646 quibusdam
854 2568 1048 2631 animadverti

96 2675 214 2742 potest:
235 2683 311 2742 quae
327 2684 364 2724 ex
377 2682 409 2723 se
423 2673 510 2724 natos
524 2661 566 2723 ita
579 2673 680 2724 amant
697 2664 736 2724 ad
757 2665 910 2741 quoddam
931 2674 1047 2742 tempus

97 2772 126 2821 et
145 2760 184 2819 ab
205 2758 246 2821 eis
267 2757 308 2819 ita
328 2767 471 2832 amantur,
494 2768 526 2818 ut
546 2756 631 2818 facile
653 2777 752 2819 earum
773 2779 877 2820 sensus
897 2770 1046 2838 appareat.

97 2853 190 2930 Quod
212 2852 243 2912 in
265 2851 386 2913 homine
410 2853 505 2912 multo
531 2861 575 2912 est
597 2851 783 2914 evidentius:
803 2851 930 2931 primurn
954 2873 991 2915 ex
1013 2873 1049 2916 ea

96 2947 219 3008 caritate
233 2966 310 3024 quae
325 2957 370 3008 est
389 2945 565 3008 internatus
580 2956 610 3006 et
628 2957 774 3023 parentes,
790 2967 866 3024 quae
880 2947 977 3009 dirimi
990 2948 1049 3010 nisi

97 3040 267 3104 detestabili
278 3044 388 3103 scelere
403 3061 465 3102 non
479 3051 597 3118 potest3
620 3040 731 3104 deinde
745 3061 813 3102 cum
828 3041 930 3104 similis
944 3063 1048 3105 sensus

97 3134 210 3197 exstitit
222 3135 329 3197 amoris
344 3133 368 3195 si
382 3134 510 3212 aliquem
525 3136 605 3197 nacti
620 3156 719 3196 sumus
735 3135 819 3196 cuius
835 3155 903 3196 cum
917 3137 1047 3202 moribus

97 3243 129 3293 et
153 3242 258 3291 natura
282 3250 487 3308 congruamus,
503 3232 585 3307 quod
606 3231 637 3291 in
659 3251 696 3292 eo
715 3231 800 3308 quasi
813 3233 913 3292 lumen
927 3232 1049 3310 aliquod

98 3323 255 3403 probitatis
289 3335 318 3384 et
346 3323 459 3384 virtutis
486 3324 652 3403 perspicere
680 3325 840 3386 videamur.
894 3325 977 3385 Nihil
1006 3337 1050 3388 est
1061 3331 1100 3392 28

99 3419 180 3480 enim
210 3417 317 3479 virtute
348 3418 511 3494 amabilius,
540 3419 614 3479 nihil
645 3420 728 3497 quod
755 3417 848 3496 magis
876 3419 984 3481 alliciat
1011 3421 1050 3481 ad

944 3514 968 3556 11
