2362 3742
547 241 713 294 taurins
1001 244 1103 306 [40-42

153 424 293 476 naturum
316 434 379 476 non
406 413 513 476 fuisse:
534 435 602 476 cum
630 413 673 476 illi
707 411 886 476 sanctissimi
905 411 959 474 viri
986 412 1101 487 fuerint,

152 529 247 587 aeque
260 521 361 570 autem
382 511 464 571 nefas
485 508 524 570 sit
538 511 597 571 tale
618 507 732 588 aliquid
746 521 776 571 et
800 509 896 570 lacere
916 519 1052 598 rogatum
1073 519 1104 568 et

151 605 274 681 rogaret
315 607 356 664 At
378 624 449 665 vero
474 602 521 664 Ti.
538 603 707 666 Gracchum
730 604 929 681 sequebantur
943 603 977 663 C.
1003 603 1103 664 Carbo

89 765 92 776 Δ
152 700 187 760 C.
199 701 285 772 Cato,
300 710 330 760 et
343 698 465 760 minime
480 710 552 760 tunc
566 697 688 777 quidem
703 697 794 761 Caius
815 700 911 774 frater,
927 716 1008 758 nunc
1021 695 1104 758 idem

151 811 318 855 acerrimus,

98 876 139 941 40
190 888 262 947 XII.
286 889 375 947 Haec
397 885 483 966 igitur
504 887 552 948 lex
573 886 607 950 in
621 884 756 954 ,amicitia
775 883 928 960 sanciatur,
952 897 985 948 ut
1005 905 1104 964 neque

150 1001 286 1060 rogemus
307 1001 354 1042 res
381 992 482 1060 turpes
510 986 574 1042 nec'
593 981 735 1044 faciamus
761 979 875 1060 rogati:
904 979 996 1058 turpis
1023 979 1106 1041 euim

151 1075 301 1138 excusatio
316 1086 360 1137 est
371 1086 401 1137 et
412 1075 532 1137 minime
543 1075 719 1154 accipienda
729 1075 836 1136 cumin
848 1076 952 1136 ceteris
963 1073 1104 1153 peccatis,

150 1180 213 1230 tum
236 1168 262 1230 si
286 1167 352 1248 quis
374 1181 478 1231 contra
499 1189 562 1230 rem
584 1167 734 1247 publicam
749 1189 780 1230 se
794 1167 882 1228 amici
895 1187 984 1228 causa
998 1167 1106 1228 secisse

150 1263 280 1324 fateatur.
305 1261 424 1324 Etenim
438 1283 475 1324 eo
490 1263 567 1339 loco,
579 1261 675 1324 Fanni
684 1274 714 1324 et
724 1263 874 1336 Scaevola,
889 1260 979 1324 locati
993 1281 1104 1334 sumus,

149 1368 182 1417 ut
192 1377 248 1418 nos
258 1358 348 1435 longe
359 1355 528 1435 prospicere
537 1368 673 1434 oporteat
684 1357 797 1418 futuros
809 1376 893 1417 casus
904 1354 1105 1434 reipublicae.

150 1449 279 1512 Deflexit
299 1450 359 1511 iarn
379 1446 595 1528 aliquantulum
615 1451 654 1512 de
684 1449 780 1529 spatio
809 1449 1012 1528 curriculoque
1033 1469 1107 1510 corr·

97 1550 135 1614 41
149 1548 275 1608 suetudo
320 1543 475 1607 maiorum.
539 1545 585 1607 Ti.
609 1546 761 1607 Gracchus
798 1565 921 1623 regnum
956 1561 1106 1622 occupare

150 1651 272 1703 conatus
286 1650 339 1714 est,
355 1641 403 1700 vel
416 1638 548 1718 regnavit
556 1639 581 1700 is
592 1639 712 1718 quidem
726 1659 838 1718 paucos
852 1653 977 1701 meuses.
1021 1641 1105 1700 Num

149 1735 222 1814 quid
250 1733 344 1798 simile
371 1735 500 1812 populus
530 1736 685 1795 Romanus
720 1732 853 1796 audierat
886 1745 938 1795 aut
965 1732 1106 1795 viderat?

150 1831 243 1890 Hunc
254 1827 343 1890 etiam
356 1840 425 1906 post
439 1839 565 1889 mortem
580 1827 675 1890 secuti
689 1827 776 1890 amici
799 1840 828 1890 et
849 1827 1008 1908 propinqui
1029 1825 1105 1906 qnid

148 1919 180 1982 in
203 1925 235 1983 P.
259 1920 397 1999 Scipione
424 1921 560 1983 effecerin
597 1921 660 1983 sine
684 1921 811 1983 lacrimis
824 1943 887 1983 non
901 1942 979 2000 queo
993 1919 1102 1983 dicere.

150 2020 230 2078 Nam
258 2018 426 2078 Carbonem
455 2036 646 2094 quocumque
673 2018 766 2079 modo
800 2016 959 2096 potuimus,
981 2026 1106 2096 propter

148 2122 298 2172 recentem
312 2129 441 2188 poenam
451 2107 498 2169 Ti
511 2109 646 2185 Gracchi,
661 2108 870 2172 sustinuimus:
884 2112 923 2172 de
938 2107 992 2173 Cai
1001 2121 1104 2171 autem

149 2204 298 2266 tribunatu
327 2200 400 2283 quid
428 2216 605 2282 exspectem,
634 2224 696 2266 non
719 2204 793 2266 libet
820 2204 961 2284 augurari.
1005 2205 1105 2283 Serpit

149 2299 259 2361 deinde
287 2315 351 2359 res:
380 2319 456 2377 quae
481 2298 618 2376 proclivis
646 2301 686 2360 ad
712 2297 882 2378 perniciem,
912 2320 980 2361 cum
1008 2302 1104 2362 semel

150 2393 257 2472 coepit,
281 2389 394 2454 labitur.
438 2391 554 2454 Videtis
579 2391 608 2453 in
633 2394 743 2455 tabella
765 2392 825 2454 iam
842 2405 911 2454 ante
931 2405 1041 2472 quanta
1062 2395 1104 2456 sit

150 2489 226 2549 lacta
252 2484 345 2562 labes,
372 2485 468 2565 primo
496 2485 625 2548 Gabinia
651 2488 725 2566 lege,
755 2487 877 2550 biennio
904 2499 1003 2550 autem
1031 2503 1104 2568 post

151 2579 263 2644 Cassia.
303 2580 414 2644 Videre
425 2579 484 2642 iam
492 2580 596 2644 videor
608 2583 751 2660 populum
764 2603 783 2643 a
796 2594 900 2644 senatu
911 2583 1101 2659 disiunctum,

148 2673 342 2736 multitudinis
366 2673 485 2736 arbitrio
512 2695 558 2736 res
592 2674 734 2736 maximas
770 2675 825 2755 agi.
889 2679 990 2738 Plures
1018 2677 1103 2740 enim

148 2769 265 2832 discent
290 2769 593 2846 quemadmodum
615 2770 690 2830 haec
717 2772 798 2844 fiant,
828 2791 917 2849 quam
945 2793 1034 2850 quem
1059 2777 1104 2836 ad

95 2867 136 2934 42
149 2864 272 2927 modum
286 2861 331 2924 his
347 2861 502 2924 resistatur.
547 2864 695 2939 Quorsum
709 2865 808 2924 haec?
849 2865 928 2942 Quia
938 2865 1001 2928 sine
1010 2867 1103 2929 sociis

147 2977 236 3020 nemo
251 2956 413 3035 quidquam
427 2957 486 3017 tale
506 2966 636 3017 conatur.
680 2957 926 3037 Praecipiendum
947 2972 992 3021 est
1012 2961 1104 3040 igitur

147 3051 244 3127 bonis,
269 3062 302 3112 ut
324 3049 401 3111 siin
425 3049 592 3112 eiusmodi
616 3049 759 3113 amicitias
787 3052 880 3132 ignari
902 3075 973 3117 casu
996 3055 1102 3136 aliquo

147 3142 312 3218 inciderint,
326 3163 365 3204 ne
387 3141 554 3205 existiment
575 3141 615 3203 ita
635 3164 666 3204 se
685 3143 831 3224 alligatos,
844 3159 878 3208 ut
897 3150 936 3210 ab
950 3147 1053 3211 amicis
1069 3151 1103 3212 in

148 3259 256 3318 magna
277 3237 375 3314 aliqua
396 3257 428 3297 re
452 3235 645 3315 peccantibus
669 3257 731 3300 non
758 3238 934 3303 discedant:
955 3241 1103 3321 improbis

148 3344 248 3394 autem
274 3351 372 3410 poena
398 3329 556 3393 statuenda
584 3343 636 3406 est,
665 3352 722 3393 nec
749 3353 820 3396 vero
849 3335 945 3397 minor
978 3335 1021 3399 eis
1046 3340 1103 3418 qui

149 3425 242 3488 secuti
256 3436 339 3486 erunt
352 3425 484 3501 alterum,
500 3445 590 3503 quam
613 3423 653 3488 eis
676 3425 726 3504 qui
747 3426 803 3506 ipsi
817 3429 923 3492 fuerint
937 3429 1102 3510 impietatis

229 3519 255 3558 ro
895 3520 897 3524 ·
