2362 3742
519 241 688 318 castrus
780 223 786 240 ’
980 268 1038 332 [aq
1051 270 1084 319 ει

135 435 260 507 fuerunt,
275 433 368 493 modo
383 450 458 509 quos
472 429 643 492 nominavi:
664 432 720 492 hos
732 429 812 492 viros
826 433 931 506 bonos,
946 444 979 494 ut
992 433 1086 494 habiti

136 538 213 601 sunt,
244 526 286 586 sic
314 525 404 587 etiam
427 525 622 604 appellandos
650 536 797 602 putemus,
827 525 896 604 quia
917 538 1084 605 sequantur,

29 658 30 666 κ
137 633 279 701 quantum
317 619 452 682 homines
490 630 621 699 possunt,
657 630 799 693 naturam,
832 619 975 699 optimam
1008 625 1087 684 bene

136 715 257 779 vivendi
278 717 395 777 ducem.
448 714 497 777 Sic
519 713 599 776 enim
624 712 696 775 mihi
715 714 883 793 perspicere
907 716 1019 790 videor,
1045 717 1087 778 ita
1165 735 1166 738 ’

137 822 222 872 natos
237 829 302 872 esse
322 829 378 870 nos
399 820 432 871 ut
456 809 532 870 inter
556 825 661 871 omnes
676 820 755 870 esset
779 808 906 871 societas
927 812 1085 890 quaedam,

136 905 230 968 maior
256 916 356 967 autem
384 915 417 964 ut
441 903 567 983 quisque
600 902 733 982 proxime
759 906 923 966 accederet.
980 907 1088 984 Itaque

136 1001 216 1063 cives
240 999 371 1080 potiores
393 1019 483 1077 quarn
504 997 658 1078 peregrini,
684 997 844 1077 propinqui
868 1020 956 1079 quam
978 1000 1086 1072 alieni3

136 1116 205 1157 cum
219 1095 264 1156 his
279 1094 358 1155 enim
371 1093 530 1155 amicitiam
544 1105 648 1155 natura
669 1092 734 1172 ipsa
747 1093 881 1173 peperit3
902 1097 956 1156 sed
971 1115 1006 1156 ea
1025 1115 1089 1156 non

136 1189 206 1252 satis
234 1191 325 1250 habet
351 1187 503 1249 firmitatis.
547 1191 687 1266 Namque
714 1189 774 1249 hoc
801 1199 932 1266 praestat
959 1187 1089 1251 amicitia

92 1349 94 1353 ,
137 1281 359 1364 propinquitati,
386 1283 468 1360 quod
491 1303 527 1344 ex
547 1281 769 1362 propinquitate
791 1284 1001 1346 benevolentia
1023 1283 1090 1345 tolli

138 1388 244 1458 potest,
269 1398 306 1439 ex
332 1376 461 1438 amicitia
482 1397 544 1438 non
568 1387 668 1455 potest
678 1399 688 1454 3
713 1377 829 1439 sublata
857 1377 936 1439 enim
960 1381 1090 1440 benevo·
1155 1455 1160 1464 ,

138 1474 229 1536 lentia
257 1471 403 1534 amicitiae
438 1491 548 1533 nomen
575 1470 693 1544 tollitur,
723 1470 950 1550 propinquitatis
978 1484 1087 1534 manet.

86 1585 126 1650 20
139 1572 259 1646 Quanta
273 1577 372 1628 autem
385 1564 429 1627 vis
443 1563 588 1627 amicitiae
609 1563 648 1627 sit
668 1585 705 1627 ex
726 1567 785 1628 hoc
809 1565 940 1646 intellegi
961 1566 1090 1628 maxime

139 1673 246 1742 potest,
262 1663 344 1740 quod
364 1680 401 1723 ex
422 1659 536 1722 infinita
556 1659 699 1722 societate
718 1660 833 1739 generis
854 1662 984 1737 humani,
999 1682 1090 1740 quam

140 1755 309 1820 conciliavit
328 1755 393 1833 ipsa
414 1765 525 1829 natura,
541 1753 583 1815 ita
603 1760 756 1816 contracta
776 1774 822 1816 res
844 1767 889 1817 est
910 1767 939 1818 et
960 1757 1092 1818 adducta

140 1851 171 1912 in
191 1861 357 1930 angustum,
378 1860 412 1910 ut
440 1848 535 1912 omnis
557 1848 662 1912 caritas
684 1860 736 1912 aut
756 1849 832 1912 inter
852 1852 913 1912 duo
941 1862 993 1913 aut
1013 1852 1091 1913 inter

140 1965 253 2024 pancos
273 1943 447 2023 iungeretur.
784 1943 786 1946 ’

181 2041 236 2099 VI.
260 2040 313 2100 Est
335 2037 414 2099 enim
434 2035 564 2098 amicitia
584 2037 658 2099 nihil
678 2037 766 2114 aliud,
787 2037 844 2100 nisi
865 2039 997 2101 omnium
1018 2042 1091 2103 divi-

140 2155 244 2196 narum
287 2135 540 2211 humanarumque
581 2153 677 2195 rerum
712 2153 780 2194 cum
818 2135 1026 2197 benevolentia
1061 2147 1091 2198 et
1165 2173 1166 2178 κ

142 2229 262 2291 caritate
283 2228 441 2290 consensio
452 2251 461 2304 5
496 2247 556 2306 qua
577 2227 698 2304 quidem
719 2230 801 2290 haud
823 2229 885 2291 scio
906 2249 944 2290 an
966 2243 1091 2310 excepta

141 2323 286 2402 sapientia
313 2322 386 2382 nihil
414 2322 518 2384 melius
544 2318 658 2383 homini
686 2322 725 2384 sit
752 2343 770 2384 a
797 2322 843 2384 dis
874 2323 1090 2387 immortalibus
1165 2369 1166 2374 η

141 2421 251 2481 datum.
296 2417 421 2479 Divitias
452 2417 502 2479 alii
535 2430 730 2496 praeponunt,
760 2419 871 2479 bonam
904 2418 954 2479 alii
982 2421 1094 2482 valetu-

142 2513 251 2587 dinem,
275 2512 325 2572 alii
346 2511 518 2590 potentiam,
545 2512 594 2572 alii
612 2514 749 2586 honores,
771 2512 857 2574 multi
879 2513 967 2574 etiam
989 2517 1094 2594 volup-

142 2618 225 2669 tates.
270 2609 426 2667 Beluarum
461 2607 520 2667 hoc
547 2605 668 2684 quidem
698 2617 883 2682 extremum;
914 2606 964 2668 illa
990 2620 1091 2671 autem

142 2701 292 2781 superiora
311 2702 425 2762 caduca
444 2712 473 2761 et
489 2700 607 2777 incerta,
629 2701 726 2779 posita
745 2722 807 2762 non
827 2712 888 2763 tarn
909 2701 940 2762 in
961 2703 1093 2766 consiliis

142 2795 249 2857 nostris
278 2816 367 2873 quam
396 2795 426 2854 in
453 2796 588 2856 fortunae
623 2794 794 2857 temeritate.
840 2795 900 2872 Qui
930 2808 1029 2860 autem
1060 2799 1094 2859 in

142 2891 248 2952 virtute
273 2909 420 2951 summum
444 2890 559 2950 bonum
581 2901 705 2967 ponunt,
724 2890 872 2968 praeclare
888 2889 931 2951 illi
952 2891 1095 2970 quidem:

143 2988 196 3046 sed
214 2987 288 3046 haec
307 2983 371 3062 ipsa
384 2982 476 3045 virtus
492 2983 651 3045 amicitiam
676 2994 706 3045 et
723 2983 817 3063 gignit
830 2996 860 3048 et
878 2985 1018 3061 continet,
1035 3008 1096 3050 nec

88 3091 127 3156 21
143 3078 206 3140 sine
220 3078 326 3140 virtute
336 3077 466 3138 amicitia
477 3097 542 3139 esse
555 3078 617 3139 ullo
631 3088 719 3155 pacto
734 3089 840 3156 potest.
878 3081 943 3139 Iam
955 3079 1096 3144 virtutem

144 3194 180 3234 ex
197 3171 413 3234 consuetudine
426 3172 504 3234 vitae
526 3165 728 3250 sermonisque
747 3172 841 3235 nostri
858 3171 1095 3252 interpretemur,
1165 3189 1166 3194 ’

143 3288 285 3342 neceam,
300 3278 333 3328 ut
347 3266 468 3344 quidam
483 3265 573 3340 docti,
589 3269 745 3328 verborum
760 3266 979 3347 magnificentia
992 3271 1097 3333 metia-

143 3381 226 3437 mnr;
259 3361 397 3440 virosque
432 3363 529 3422 bonos
557 3380 608 3423 eos
637 3360 687 3439 qui
714 3363 861 3423 habentur
895 3381 1094 3442 numeremus,
1165 3365 1166 3378 ¹

144 3455 252 3515 Paulos
272 3459 402 3518 Catones
424 3457 515 3520 Galos
533 3455 686 3533 Scipiones
710 3456 828 3518 Plrilos:
856 3455 901 3518 his
926 3461 1098 3523 communis

223 3549 235 3586 li
