2362 3742
498 217 659 273 LAELIUS
944 221 1002 284 [29,
1015 223 1053 274 ³0

103 386 304 466 diligendum:
338 387 450 467 quippe
472 408 540 448 cum
566 398 686 467 propter
705 387 842 449 virtutem
870 399 900 450 et
927 389 1054 468 probita-

102 494 163 544 tem
184 471 354 557 etiameos,
379 502 454 560 quos
478 501 631 560 nunquam
651 481 787 557 vidimus,
810 484 940 560 quodam
961 482 1053 544 modo

102 575 266 655 diligamus.
311 575 385 654 Quis
401 575 511 654 estqui
529 578 563 638 C.
580 575 714 650 Fabricii,
731 577 784 637 M!
800 577 880 639 Curii
901 597 963 638 non
984 598 1052 641 cum

103 668 223 731 caritate
250 669 350 748 aliqua
377 669 603 732 benevolentiae
627 670 800 731 memoriam
821 687 950 749 usurpet,
977 691 1052 748 quos

103 785 255 845 nunquam
269 764 398 826 videritl
416 765 481 844 quis
501 776 600 826 autem
616 775 661 825 est
675 765 726 843 qui
740 765 934 844 Tarquinium
948 769 1052 844 Super-

104 861 183 932 bum,
203 858 255 936 qui
275 861 323 937 Sp.
341 859 486 932 Cassium,
502 861 550 937 Sp.
568 858 713 920 Maelium
733 878 795 920 non
816 860 933 921 oderit?
976 862 1052 924 Cum

103 955 222 1015 duobus
250 952 376 1014 ducibus
404 954 443 1014 de
467 951 592 1030 imperio
614 951 646 1012 in
674 951 761 1013 Italia
788 955 972 1016 decertatum
997 963 1049 1027 est,

73 1067 75 1072 ·
104 1046 215 1128 Pyrrho
233 1057 262 1107 et
278 1045 471 1108 Hannibale:
491 1048 530 1107 ab
547 1049 639 1108 altero
658 1057 779 1125 propter
796 1047 975 1126 probitatem
991 1046 1052 1108 eius

103 1161 165 1218 non
191 1138 279 1237 nimis
307 1139 420 1203 alienos
451 1140 567 1203 animos
600 1141 753 1214 habemus,
783 1143 906 1204 alterum
934 1153 1054 1225 propter

103 1231 306 1296 crudelitatem
320 1255 437 1312 semper
450 1237 524 1296 haec
539 1233 642 1296 civitas
657 1233 762 1296 oderit.

51 1336 90 1402 29
143 1331 201 1390 IX.
226 1332 317 1407 Quod
331 1329 356 1390 si
370 1341 452 1410 tanta
474 1329 517 1390 vis
542 1328 696 1408 probitatis
719 1341 771 1404 est,
797 1340 830 1390 ut
855 1349 921 1390 earn
943 1331 991 1390 vel
1022 1329 1053 1392 in

103 1424 145 1485 eis
159 1445 235 1504 quos
249 1444 402 1502 nunquam
417 1423 551 1498 vidimus,
574 1426 622 1485 vel
635 1426 717 1502 quod
737 1422 831 1485 maius
855 1435 907 1498 est,
923 1423 954 1485 in
967 1425 1053 1487 hoste

103 1519 191 1581 etiam
217 1519 394 1598 diligamus:
424 1517 497 1596 quid
525 1517 630 1578 mirum
656 1529 700 1580 est
732 1517 757 1578 si
781 1517 874 1578 animi
897 1518 1053 1582 hominum

102 1626 284 1688 moveantur,
309 1631 503 1674 cumeorum
527 1611 701 1690 quibuscum
727 1632 782 1674 usu
807 1610 957 1674 coniuncti
988 1633 1053 1674 esse

68 1720 74 1732 ¹
102 1719 227 1785 possunt
254 1707 393 1769 virtutem
421 1717 451 1767 et
486 1704 652 1787 bonitatem¹
685 1702 851 1785 perspicere
879 1706 1055 1770 videanturl

104 1803 293 1881 Quamquam
318 1803 508 1863 confirmatur
531 1821 614 1861 amor
639 1811 668 1861 et
697 1801 845 1862 beneficio
872 1813 998 1881 accepto
1023 1814 1055 1864 et

64 1910 66 1913 ’
101 1896 200 1958 studio
215 1906 372 1975 perspecto
387 1905 416 1956 et
430 1893 647 1955 consuetudine
661 1893 823 1956 adiuncta:
844 1894 951 1974 quibus
966 1898 1054 1957 rebus

101 1992 141 2051 ad
161 1990 244 2050 illum
265 1990 393 2068 primum
417 2000 532 2050 motum
554 1988 645 2049 animi
660 2000 690 2050 et
711 1988 819 2050 amoris
841 1988 982 2052 adhibitis
1002 1992 1054 2053 ad-

101 2084 244 2146 mirabilis
259 2085 408 2162 quaedam
429 2081 594 2144 exardescit
618 2082 844 2145 benevolentiae
868 2084 1051 2162 magnitudo.

103 2181 202 2256 Quam
217 2179 242 2240 si
256 2179 307 2258 qui
320 2188 426 2257 putant
440 2179 477 2238 ab
499 2176 700 2239 imbecillitate
721 2177 875 2256 proficisci,
891 2190 924 2240 ut
944 2179 982 2241 sit
1001 2199 1055 2258 per

103 2293 193 2352 quem
207 2282 379 2350 assequatur
390 2273 472 2349 quod
487 2271 612 2350 quisque
622 2273 777 2334 desideret
785 2295 795 2348 3
815 2272 959 2334 humilem
981 2293 1053 2337 sane

102 2369 274 2447 relinquunt
303 2377 333 2428 et
360 2363 482 2427 minime
509 2385 685 2444 generosum
707 2378 739 2428 ut
766 2367 808 2428 ita
836 2367 935 2429 dicam
956 2380 1053 2430 ortum

102 2467 258 2542 amicitiae,
271 2485 361 2544 quam
375 2485 412 2526 ex
426 2463 528 2542 inopia
541 2475 630 2542 atque
644 2465 807 2544 indigentia
819 2476 920 2527 natam
935 2470 1052 2530 volunt.

104 2562 195 2640 Quod
216 2559 242 2621 si
262 2559 403 2630 inesset,
419 2557 591 2636 utquisque
607 2558 762 2619 minimum
784 2558 815 2618 in
838 2580 869 2620 se
893 2579 957 2621 esse
979 2562 1054 2621 arbi·
1099 2585 1101 2593 ·

103 2665 234 2727 narretur,
250 2652 292 2714 ita
311 2654 351 2713 ad
372 2649 532 2712 amicitiam
552 2661 630 2713 esset
650 2652 838 2736 aptissimus:
863 2656 944 2731 quod
965 2656 1053 2734 longe
1155 2697 1156 2706 κ

52 2757 91 2820 30
104 2769 188 2812 secus
214 2759 266 2813 est.
310 2749 354 2808 Ut
369 2745 448 2806 enim
471 2744 596 2824 quisque
620 2746 677 2807 sibi
698 2746 855 2825 plurimum
870 2748 1001 2822 confidit,
1024 2761 1054 2811 et

103 2842 275 2920 utquisque
295 2837 424 2900 maxime
445 2838 551 2900 virtute
572 2851 602 2900 et
626 2838 769 2919 sapientia
793 2839 836 2900 sic
857 2841 987 2903 munitus
1009 2853 1054 2904 est

103 2949 135 2999 ut
149 2936 231 2996 nullo
245 2936 334 3013 egeat
345 2953 458 3011 suaque
479 2933 580 2993 omnia
604 2933 635 2994 in
657 2954 689 2995 se
710 2933 776 3013 ipso
800 2934 899 3013 posita
921 2936 1034 2999 iudicet
1046 2959 1054 3012 ;

103 3033 145 3094 ita
158 3031 189 3092 in
203 3027 338 3091 amicitiis
360 3027 534 3106 expetendis
559 3028 752 3106 colendisque
776 3029 903 3092 maxime
928 3031 1052 3093 excellit.

105 3127 187 3203 Quid
202 3124 306 3187 enirn?
345 3121 501 3183 Africanus
515 3123 651 3201 indigens
673 3123 753 3184 meil
795 3124 920 3187 Minime
945 3126 1053 3201 hercle,

103 3240 139 3280 ac
158 3239 197 3278 ne
218 3237 274 3294 ego
294 3214 415 3293 quidem
436 3214 533 3277 illius:
554 3218 608 3277 sed
632 3236 688 3294 ego
709 3215 904 3278 admiratione
925 3222 1056 3297 quadam

104 3309 217 3374 virtutis
232 3310 304 3383 eius
319 3309 368 3370 ille
379 3308 508 3369 vicissim
522 3308 664 3388 opinione
678 3312 802 3372 fortasse
812 3315 955 3373 nonnulla
964 3335 1054 3390 quam

26 3455 27 3460 ,
105 3408 143 3467 de
167 3403 241 3464 meis
262 3401 394 3464 moribus
418 3404 547 3464 habebat
578 3424 627 3464 me
651 3405 761 3466 dilexit.
813 3406 904 3467 Auxit
925 3410 1056 3468 benevo-

198 3496 209 3520 θ
