<?xml version="1.0" encoding="UTF-8"?>
<!DOCTYPE html PUBLIC "-//W3C//DTD XHTML 1.0 Transitional//EN"
    "http://www.w3.org/TR/xhtml1/DTD/xhtml1-transitional.dtd">
<html xmlns="http://www.w3.org/1999/xhtml" xml:lang="en" lang="en">
 <head>
  <title>
</title>
<meta http-equiv="Content-Type" content="text/html;charset=utf-8" />
  <meta name='ocr-system' content='tesseract 3.04.00' />
  <meta name='ocr-capabilities' content='ocr_page ocr_carea ocr_par ocr_line ocrx_word'/>
</head>
<body>
  <div class='ocr_page' id='page_1' title='image "./deamicitia00sidggoog_0063.png"; bbox 0 0 2360 3782; ppageno 0'>
   <div class='ocr_carea' id='block_1_1' title="bbox 562 187 1117 299">
    <p class='ocr_par' dir='ltr' id='par_1_1' title="bbox 562 187 1117 299">
     <span class='ocr_line' id='line_1_1' title="bbox 562 187 1117 299; baseline 0 -19"><span class='ocrx_word' id='word_1_1' title='bbox 562 229 725 280; x_wconf 68' lang='lat' dir='ltr'><strong>marrus</strong></span> <span class='ocrx_word' id='word_1_2' title='bbox 912 233 915 242; x_wconf 73' lang='grc'><strong>’</strong></span> <span class='ocrx_word' id='word_1_3' title='bbox 1006 187 1063 299; x_wconf 66' lang='lat' dir='ltr'><strong>[aa</strong></span> <span class='ocrx_word' id='word_1_4' title='bbox 1077 234 1117 280; x_wconf 83' lang='lat' dir='ltr'><strong>oa</strong></span> 
     </span>
    </p>
   </div>
   <div class='ocr_carea' id='block_1_2' title="bbox 114 313 1117 3378">
    <p class='ocr_par' dir='ltr' id='par_1_2' title="bbox 168 313 1117 1097">
     <span class='ocr_line' id='line_1_2' title="bbox 171 313 1111 341; baseline 0 -11"><span class='ocrx_word' id='word_1_5' title='bbox 171 313 1111 341; x_wconf 79' lang='lat'><em>-·------·-—----------</em></span> 
     </span>
     <span class='ocr_line' id='line_1_3' title="bbox 170 371 1116 454; baseline 0.003 -21"><span class='ocrx_word' id='word_1_6' title='bbox 170 372 209 434; x_wconf 92' lang='lat' dir='ltr'><strong>de</strong></span> <span class='ocrx_word' id='word_1_7' title='bbox 233 371 405 434; x_wconf 80' lang='lat' dir='ltr'>sacerdotiis</span> <span class='ocrx_word' id='word_1_8' title='bbox 429 374 464 436; x_wconf 93' lang='lat' dir='ltr'><strong>C.</strong></span> <span class='ocrx_word' id='word_1_9' title='bbox 487 373 594 436; x_wconf 92' lang='lat' dir='ltr'><strong>Licinii</strong></span> <span class='ocrx_word' id='word_1_10' title='bbox 618 373 717 437; x_wconf 87' lang='lat' dir='ltr'><strong>Crassi</strong></span> <span class='ocrx_word' id='word_1_11' title='bbox 738 373 910 437; x_wconf 83' lang='lat' dir='ltr'><strong>videbatur!</strong></span> <span class='ocrx_word' id='word_1_12' title='bbox 951 374 1116 454; x_wconf 86' lang='lat' dir='ltr'><strong>Cooptatio</strong></span> 
     </span>
     <span class='ocr_line' id='line_1_4' title="bbox 171 465 1113 548; baseline 0.005 -21"><span class='ocrx_word' id='word_1_13' title='bbox 171 465 250 527; x_wconf 90' lang='lat' dir='ltr'><strong>enim</strong></span> <span class='ocrx_word' id='word_1_14' title='bbox 274 466 466 546; x_wconf 87' lang='lat' dir='ltr'><strong>collegiomm</strong></span> <span class='ocrx_word' id='word_1_15' title='bbox 486 470 527 530; x_wconf 91' lang='lat' dir='ltr'><strong>ad</strong></span> <span class='ocrx_word' id='word_1_16' title='bbox 550 471 654 548; x_wconf 91' lang='lat' dir='ltr'><strong>populi</strong></span> <span class='ocrx_word' id='word_1_17' title='bbox 676 469 854 531; x_wconf 89' lang='lat' dir='ltr'><strong>beneficium</strong></span> <span class='ocrx_word' id='word_1_18' title='bbox 879 472 1113 532; x_wconf 80' lang='lat' dir='ltr'><strong>transferebatur.</strong></span> 
     </span>
     <span class='ocr_line' id='line_1_5' title="bbox 170 559 1115 643; baseline 0.005 -23"><span class='ocrx_word' id='word_1_19' title='bbox 170 563 270 637; x_wconf 88' lang='lat' dir='ltr'><strong>Atque</strong></span> <span class='ocrx_word' id='word_1_20' title='bbox 287 559 312 621; x_wconf 94' lang='lat' dir='ltr'><strong>is</strong></span> <span class='ocrx_word' id='word_1_21' title='bbox 336 559 447 638; x_wconf 88' lang='lat' dir='ltr'><strong>primus</strong></span> <span class='ocrx_word' id='word_1_22' title='bbox 474 561 600 624; x_wconf 86' lang='lat' dir='ltr'><strong>instituit</strong></span> <span class='ocrx_word' id='word_1_23' title='bbox 626 562 657 622; x_wconf 91' lang='lat' dir='ltr'><strong>in</strong></span> <span class='ocrx_word' id='word_1_24' title='bbox 683 564 780 624; x_wconf 84' lang='lat' dir='ltr'><strong>forum</strong></span> <span class='ocrx_word' id='word_1_25' title='bbox 806 583 906 625; x_wconf 89' lang='lat' dir='ltr'><strong>versus</strong></span> <span class='ocrx_word' id='word_1_26' title='bbox 930 583 1016 643; x_wconf 83' lang='lat' dir='ltr'><strong>agere</strong></span> <span class='ocrx_word' id='word_1_27' title='bbox 1043 585 1115 636; x_wconf 81' lang='lat' dir='ltr'><strong>curn</strong></span> 
     </span>
     <span class='ocr_line' id='line_1_6' title="bbox 169 655 1117 737; baseline 0.004 -21"><span class='ocrx_word' id='word_1_28' title='bbox 169 655 289 734; x_wconf 88' lang='lat' dir='ltr'><strong>populo.</strong></span> <span class='ocrx_word' id='word_1_29' title='bbox 344 657 460 717; x_wconf 84' lang='lat' dir='ltr'><strong>Tamen</strong></span> <span class='ocrx_word' id='word_1_30' title='bbox 491 656 568 718; x_wconf 91' lang='lat' dir='ltr'><strong>illius</strong></span> <span class='ocrx_word' id='word_1_31' title='bbox 602 655 782 719; x_wconf 87' lang='lat' dir='ltr'><strong>vendibilem</strong></span> <span class='ocrx_word' id='word_1_32' title='bbox 816 657 980 728; x_wconf 90' lang='lat' dir='ltr'><strong>orationem</strong></span> <span class='ocrx_word' id='word_1_33' title='bbox 1011 659 1117 737; x_wconf 87' lang='lat' dir='ltr'><strong>religio</strong></span> 
     </span>
     <span class='ocr_line' id='line_1_7' title="bbox 169 747 1117 828; baseline 0.004 -19"><span class='ocrx_word' id='word_1_34' title='bbox 169 750 293 810; x_wconf 90' lang='lat' dir='ltr'><strong>deorum</strong></span> <span class='ocrx_word' id='word_1_35' title='bbox 318 747 536 827; x_wconf 80' lang='lat' dir='ltr'><strong>immortalium,</strong></span> <span class='ocrx_word' id='word_1_36' title='bbox 564 749 652 814; x_wconf 91' lang='lat' dir='ltr'><strong>nobis</strong></span> <span class='ocrx_word' id='word_1_37' title='bbox 678 751 913 828; x_wconf 88' lang='lat' dir='ltr'><strong>defendentibus,</strong></span> <span class='ocrx_word' id='word_1_38' title='bbox 939 751 1025 816; x_wconf 84' lang='lat' dir='ltr'><strong>facile</strong></span> <span class='ocrx_word' id='word_1_39' title='bbox 1052 752 1117 813; x_wconf 91' lang='lat' dir='ltr'><strong>vin-</strong></span> 
     </span>
     <span class='ocr_line' id='line_1_8' title="bbox 169 845 1116 926; baseline 0.004 -22"><span class='ocrx_word' id='word_1_40' title='bbox 169 845 264 905; x_wconf 89' lang='lat' dir='ltr'><strong>cebat.</strong></span> <span class='ocrx_word' id='word_1_41' title='bbox 305 845 405 922; x_wconf 90' lang='lat' dir='ltr'><strong>Atque</strong></span> <span class='ocrx_word' id='word_1_42' title='bbox 429 845 460 907; x_wconf 93' lang='lat' dir='ltr'><strong>id</strong></span> <span class='ocrx_word' id='word_1_43' title='bbox 483 856 582 908; x_wconf 90' lang='lat' dir='ltr'><strong>actum</strong></span> <span class='ocrx_word' id='word_1_44' title='bbox 606 855 652 908; x_wconf 89' lang='lat' dir='ltr'><strong>est</strong></span> <span class='ocrx_word' id='word_1_45' title='bbox 674 857 808 924; x_wconf 91' lang='lat' dir='ltr'><strong>praetore</strong></span> <span class='ocrx_word' id='word_1_46' title='bbox 833 867 889 922; x_wconf 90' lang='lat' dir='ltr'><strong>me,</strong></span> <span class='ocrx_word' id='word_1_47' title='bbox 909 846 1116 926; x_wconf 90' lang='lat' dir='ltr'><strong>quinquennio</strong></span> 
     </span>
     <span class='ocr_line' id='line_1_9' title="bbox 168 940 1116 1022; baseline 0.004 -22"><span class='ocrx_word' id='word_1_48' title='bbox 168 949 238 1000; x_wconf 87' lang='lat' dir='ltr'><strong>ante</strong></span> <span class='ocrx_word' id='word_1_49' title='bbox 265 958 354 1016; x_wconf 89' lang='lat' dir='ltr'><strong>quam</strong></span> <span class='ocrx_word' id='word_1_50' title='bbox 382 942 486 1001; x_wconf 90' lang='lat' dir='ltr'><strong>consul</strong></span> <span class='ocrx_word' id='word_1_51' title='bbox 511 961 578 1002; x_wconf 91' lang='lat' dir='ltr'><strong>sum</strong></span> <span class='ocrx_word' id='word_1_52' title='bbox 604 942 705 1002; x_wconf 84' lang='lat' dir='ltr'><strong>factus.</strong></span> <span class='ocrx_word' id='word_1_53' title='bbox 763 943 811 1002; x_wconf 84' lang='lat' dir='ltr'><strong>Ita</strong></span> <span class='ocrx_word' id='word_1_54' title='bbox 836 961 868 1002; x_wconf 90' lang='lat' dir='ltr'><strong>re</strong></span> <span class='ocrx_word' id='word_1_55' title='bbox 895 940 995 1022; x_wconf 86' lang='lat' dir='ltr'><strong>magis,</strong></span> <span class='ocrx_word' id='word_1_56' title='bbox 1024 962 1116 1020; x_wconf 89' lang='lat' dir='ltr'><strong>quam</strong></span> 
     </span>
     <span class='ocr_line' id='line_1_10' title="bbox 169 1033 840 1097; baseline 0.003 -3"><span class='ocrx_word' id='word_1_57' title='bbox 169 1053 285 1094; x_wconf 90' lang='lat' dir='ltr'><strong>summa</strong></span> <span class='ocrx_word' id='word_1_58' title='bbox 298 1035 473 1096; x_wconf 87' lang='lat' dir='ltr'><strong>auctoritate</strong></span> <span class='ocrx_word' id='word_1_59' title='bbox 487 1054 576 1096; x_wconf 88' lang='lat' dir='ltr'><strong>causa</strong></span> <span class='ocrx_word' id='word_1_60' title='bbox 589 1033 639 1095; x_wconf 88' lang='lat' dir='ltr'><strong>illa</strong></span> <span class='ocrx_word' id='word_1_61' title='bbox 652 1036 774 1097; x_wconf 85' lang='lat' dir='ltr'><strong>defensa</strong></span> <span class='ocrx_word' id='word_1_62' title='bbox 788 1046 840 1096; x_wconf 89' lang='lat' dir='ltr'><strong>est.</strong></span> 
     </span>
    </p>

    <p class='ocr_par' dir='ltr' id='par_1_3' title="bbox 116 1116 1117 2153">
     <span class='ocr_line' id='line_1_11' title="bbox 116 1116 1117 1208; baseline 0.002 -20"><span class='ocrx_word' id='word_1_63' title='bbox 116 1116 155 1181; x_wconf 80' lang='grc'><strong>97</strong></span> <span class='ocrx_word' id='word_1_64' title='bbox 207 1129 322 1189; x_wconf 91' lang='lat' dir='ltr'><strong>XXVI.</strong></span> <span class='ocrx_word' id='word_1_65' title='bbox 344 1129 437 1206; x_wconf 91' lang='lat' dir='ltr'><strong>Quod</strong></span> <span class='ocrx_word' id='word_1_66' title='bbox 451 1127 520 1190; x_wconf 90' lang='lat' dir='ltr'><strong>siin</strong></span> <span class='ocrx_word' id='word_1_67' title='bbox 541 1149 654 1204; x_wconf 84' lang='lat' dir='ltr'><strong>scaena,</strong></span> <span class='ocrx_word' id='word_1_68' title='bbox 670 1128 701 1192; x_wconf 94' lang='lat' dir='ltr'><strong>id</strong></span> <span class='ocrx_word' id='word_1_69' title='bbox 722 1140 766 1191; x_wconf 93' lang='lat' dir='ltr'><strong>est</strong></span> <span class='ocrx_word' id='word_1_70' title='bbox 787 1129 818 1190; x_wconf 91' lang='lat' dir='ltr'><strong>in</strong></span> <span class='ocrx_word' id='word_1_71' title='bbox 838 1127 986 1203; x_wconf 88' lang='lat' dir='ltr'><strong>contione,</strong></span> <span class='ocrx_word' id='word_1_72' title='bbox 1007 1129 1117 1208; x_wconf 86' lang='lat' dir='ltr'><strong>inqua</strong></span> 
     </span>
     <span class='ocr_line' id='line_1_12' title="bbox 167 1221 1115 1302; baseline 0.004 -22"><span class='ocrx_word' id='word_1_73' title='bbox 167 1221 256 1284; x_wconf 88' lang='lat' dir='ltr'><strong>rebus</strong></span> <span class='ocrx_word' id='word_1_74' title='bbox 266 1221 341 1283; x_wconf 88' lang='lat' dir='ltr'><strong>lictis</strong></span> <span class='ocrx_word' id='word_1_75' title='bbox 356 1233 386 1283; x_wconf 90' lang='lat' dir='ltr'><strong>et</strong></span> <span class='ocrx_word' id='word_1_76' title='bbox 398 1221 580 1285; x_wconf 86' lang='lat' dir='ltr'><strong>adumbratis</strong></span> <span class='ocrx_word' id='word_1_77' title='bbox 593 1223 653 1284; x_wconf 89' lang='lat' dir='ltr'><strong>loci</strong></span> <span class='ocrx_word' id='word_1_78' title='bbox 665 1222 824 1302; x_wconf 90' lang='lat' dir='ltr'><strong>plurimum</strong></span> <span class='ocrx_word' id='word_1_79' title='bbox 835 1235 887 1298; x_wconf 88' lang='lat' dir='ltr'><strong>est,</strong></span> <span class='ocrx_word' id='word_1_80' title='bbox 899 1235 1000 1285; x_wconf 89' lang='lat' dir='ltr'><strong>tamen</strong></span> <span class='ocrx_word' id='word_1_81' title='bbox 1010 1243 1115 1286; x_wconf 90' lang='lat' dir='ltr'><strong>verum</strong></span> 
     </span>
     <span class='ocr_line' id='line_1_13' title="bbox 167 1317 1116 1398; baseline 0 -18"><span class='ocrx_word' id='word_1_82' title='bbox 167 1318 252 1393; x_wconf 87' lang='lat' dir='ltr'><strong>valet,</strong></span> <span class='ocrx_word' id='word_1_83' title='bbox 268 1317 293 1379; x_wconf 94' lang='lat' dir='ltr'><strong>si</strong></span> <span class='ocrx_word' id='word_1_84' title='bbox 307 1320 400 1381; x_wconf 89' lang='lat' dir='ltr'><strong>modo</strong></span> <span class='ocrx_word' id='word_1_85' title='bbox 414 1317 446 1380; x_wconf 94' lang='lat' dir='ltr'><strong>id</strong></span> <span class='ocrx_word' id='word_1_86' title='bbox 461 1322 641 1398; x_wconf 84' lang='lat' dir='ltr'><strong>patefactum</strong></span> <span class='ocrx_word' id='word_1_87' title='bbox 661 1330 691 1383; x_wconf 88' lang='lat' dir='ltr'><strong>et</strong></span> <span class='ocrx_word' id='word_1_88' title='bbox 711 1319 886 1381; x_wconf 88' lang='lat' dir='ltr'><strong>illustratum</strong></span> <span class='ocrx_word' id='word_1_89' title='bbox 908 1331 969 1381; x_wconf 93' lang='lat' dir='ltr'><strong>est:</strong></span> <span class='ocrx_word' id='word_1_90' title='bbox 990 1319 1064 1398; x_wconf 92' lang='lat' dir='ltr'><strong>quid</strong></span> <span class='ocrx_word' id='word_1_91' title='bbox 1083 1320 1116 1381; x_wconf 93' lang='lat' dir='ltr'><strong>in</strong></span> 
     </span>
     <span class='ocr_line' id='line_1_14' title="bbox 167 1411 1116 1492; baseline -0.002 -16"><span class='ocrx_word' id='word_1_92' title='bbox 167 1411 296 1476; x_wconf 88' lang='lat' dir='ltr'><strong>amicitia</strong></span> <span class='ocrx_word' id='word_1_93' title='bbox 308 1412 371 1475; x_wconf 87' lang='lat' dir='ltr'><strong>fieri</strong></span> <span class='ocrx_word' id='word_1_94' title='bbox 384 1424 510 1492; x_wconf 89' lang='lat' dir='ltr'><strong>oportet,</strong></span> <span class='ocrx_word' id='word_1_95' title='bbox 525 1433 602 1492; x_wconf 88' lang='lat' dir='ltr'><strong>quae</strong></span> <span class='ocrx_word' id='word_1_96' title='bbox 615 1423 679 1475; x_wconf 86' lang='lat' dir='ltr'><strong>tota</strong></span> <span class='ocrx_word' id='word_1_97' title='bbox 691 1413 813 1475; x_wconf 86' lang='lat' dir='ltr'><strong>veritate</strong></span> <span class='ocrx_word' id='word_1_98' title='bbox 828 1413 1040 1492; x_wconf 84' lang='lat' dir='ltr'><strong>perpenditur?</strong></span> <span class='ocrx_word' id='word_1_99' title='bbox 1076 1418 1116 1474; x_wconf 91' lang='lat' dir='ltr'><strong>In</strong></span> 
     </span>
     <span class='ocr_line' id='line_1_15' title="bbox 168 1505 1116 1586; baseline 0.002 -18"><span class='ocrx_word' id='word_1_100' title='bbox 168 1525 227 1585; x_wconf 88' lang='lat' dir='ltr'><strong>qua</strong></span> <span class='ocrx_word' id='word_1_101' title='bbox 252 1505 317 1583; x_wconf 91' lang='lat' dir='ltr'><strong>nisi,</strong></span> <span class='ocrx_word' id='word_1_102' title='bbox 342 1518 376 1569; x_wconf 92' lang='lat' dir='ltr'><strong>ut</strong></span> <span class='ocrx_word' id='word_1_103' title='bbox 402 1505 517 1582; x_wconf 91' lang='lat' dir='ltr'><strong>dicitur,</strong></span> <span class='ocrx_word' id='word_1_104' title='bbox 545 1518 679 1586; x_wconf 89' lang='lat' dir='ltr'><strong>apertum</strong></span> <span class='ocrx_word' id='word_1_105' title='bbox 706 1519 811 1586; x_wconf 91' lang='lat' dir='ltr'><strong>pectus</strong></span> <span class='ocrx_word' id='word_1_106' title='bbox 838 1507 941 1571; x_wconf 85' lang='lat' dir='ltr'><strong>videas</strong></span> <span class='ocrx_word' id='word_1_107' title='bbox 968 1519 1116 1586; x_wconf 85' lang='lat' dir='ltr'><strong>tuumque</strong></span> 
     </span>
     <span class='ocr_line' id='line_1_16' title="bbox 167 1599 1116 1682; baseline 0.004 -20"><span class='ocrx_word' id='word_1_108' title='bbox 167 1601 316 1676; x_wconf 83' lang='lat' dir='ltr'><strong>ostendas,</strong></span> <span class='ocrx_word' id='word_1_109' title='bbox 337 1599 410 1662; x_wconf 91' lang='lat' dir='ltr'><strong>nihil</strong></span> <span class='ocrx_word' id='word_1_110' title='bbox 423 1602 525 1676; x_wconf 88' lang='lat' dir='ltr'><strong>fidum,</strong></span> <span class='ocrx_word' id='word_1_111' title='bbox 539 1600 613 1663; x_wconf 92' lang='lat' dir='ltr'><strong>nihil</strong></span> <span class='ocrx_word' id='word_1_112' title='bbox 629 1603 812 1682; x_wconf 85' lang='lat' dir='ltr'><strong>exploratum</strong></span> <span class='ocrx_word' id='word_1_113' title='bbox 826 1603 946 1679; x_wconf 88' lang='lat' dir='ltr'><strong>habeas,</strong></span> <span class='ocrx_word' id='word_1_114' title='bbox 960 1622 999 1664; x_wconf 89' lang='lat' dir='ltr'><strong>ne</strong></span> <span class='ocrx_word' id='word_1_115' title='bbox 1013 1622 1116 1666; x_wconf 88' lang='lat' dir='ltr'><strong>amare</strong></span> 
     </span>
     <span class='ocr_line' id='line_1_17' title="bbox 167 1691 1113 1776; baseline 0.004 -22"><span class='ocrx_word' id='word_1_116' title='bbox 167 1691 289 1774; x_wconf 91' lang='lat' dir='ltr'><strong>quidem</strong></span> <span class='ocrx_word' id='word_1_117' title='bbox 316 1705 368 1756; x_wconf 90' lang='lat' dir='ltr'><strong>aut</strong></span> <span class='ocrx_word' id='word_1_118' title='bbox 400 1694 500 1770; x_wconf 90' lang='lat' dir='ltr'><strong>amari,</strong></span> <span class='ocrx_word' id='word_1_119' title='bbox 528 1715 596 1755; x_wconf 91' lang='lat' dir='ltr'><strong>cum</strong></span> <span class='ocrx_word' id='word_1_120' title='bbox 630 1694 663 1756; x_wconf 91' lang='lat' dir='ltr'><strong>id</strong></span> <span class='ocrx_word' id='word_1_121' title='bbox 689 1716 777 1773; x_wconf 90' lang='lat' dir='ltr'><strong>quam</strong></span> <span class='ocrx_word' id='word_1_122' title='bbox 805 1715 874 1758; x_wconf 92' lang='lat' dir='ltr'><strong>vere</strong></span> <span class='ocrx_word' id='word_1_123' title='bbox 906 1697 958 1757; x_wconf 85' lang='lat' dir='ltr'><strong>fiat</strong></span> <span class='ocrx_word' id='word_1_124' title='bbox 984 1696 1113 1776; x_wconf 87' lang='lat' dir='ltr'><strong>ignores.</strong></span> 
     </span>
     <span class='ocr_line' id='line_1_18' title="bbox 166 1786 1117 1869; baseline 0.002 -19"><span class='ocrx_word' id='word_1_125' title='bbox 166 1788 355 1866; x_wconf 86' lang='lat' dir='ltr'><strong>Quamquam</strong></span> <span class='ocrx_word' id='word_1_126' title='bbox 367 1786 424 1850; x_wconf 88' lang='lat' dir='ltr'><strong>ista</strong></span> <span class='ocrx_word' id='word_1_127' title='bbox 436 1788 604 1865; x_wconf 83' lang='lat' dir='ltr'><strong>assentatio,</strong></span> <span class='ocrx_word' id='word_1_128' title='bbox 619 1789 752 1868; x_wconf 88' lang='lat' dir='ltr'><strong>quamvis</strong></span> <span class='ocrx_word' id='word_1_129' title='bbox 766 1789 930 1869; x_wconf 86' lang='lat' dir='ltr'><strong>perniciosa</strong></span> <span class='ocrx_word' id='word_1_130' title='bbox 943 1789 988 1866; x_wconf 91' lang='lat' dir='ltr'><strong>sit,</strong></span> <span class='ocrx_word' id='word_1_131' title='bbox 1003 1809 1117 1852; x_wconf 88' lang='lat' dir='ltr'><strong>nocere</strong></span> 
     </span>
     <span class='ocr_line' id='line_1_19' title="bbox 166 1882 1115 1964; baseline 0.003 -21"><span class='ocrx_word' id='word_1_132' title='bbox 166 1893 267 1944; x_wconf 88' lang='lat' dir='ltr'><strong>tamen</strong></span> <span class='ocrx_word' id='word_1_133' title='bbox 290 1882 402 1945; x_wconf 91' lang='lat' dir='ltr'><strong>nemini</strong></span> <span class='ocrx_word' id='word_1_134' title='bbox 425 1894 525 1963; x_wconf 89' lang='lat' dir='ltr'><strong>potest</strong></span> <span class='ocrx_word' id='word_1_135' title='bbox 544 1883 602 1946; x_wconf 91' lang='lat' dir='ltr'><strong>nisi</strong></span> <span class='ocrx_word' id='word_1_136' title='bbox 622 1883 659 1960; x_wconf 92' lang='lat' dir='ltr'><strong>ei,</strong></span> <span class='ocrx_word' id='word_1_137' title='bbox 678 1883 730 1963; x_wconf 89' lang='lat' dir='ltr'><strong>qui</strong></span> <span class='ocrx_word' id='word_1_138' title='bbox 749 1905 816 1946; x_wconf 93' lang='lat' dir='ltr'><strong>eam</strong></span> <span class='ocrx_word' id='word_1_139' title='bbox 843 1883 947 1964; x_wconf 88' lang='lat' dir='ltr'><strong>recipit</strong></span> <span class='ocrx_word' id='word_1_140' title='bbox 965 1896 1055 1963; x_wconf 89' lang='lat' dir='ltr'><strong>atque</strong></span> <span class='ocrx_word' id='word_1_141' title='bbox 1078 1906 1115 1947; x_wconf 88' lang='lat' dir='ltr'><strong>ea</strong></span> 
     </span>
     <span class='ocr_line' id='line_1_20' title="bbox 166 1977 1114 2057; baseline 0.003 -20"><span class='ocrx_word' id='word_1_142' title='bbox 166 1977 338 2039; x_wconf 85' lang='lat' dir='ltr'><strong>delectatur.</strong></span> <span class='ocrx_word' id='word_1_143' title='bbox 379 1981 426 2040; x_wconf 85' lang='lat' dir='ltr'><strong>Ita</strong></span> <span class='ocrx_word' id='word_1_144' title='bbox 441 1980 475 2040; x_wconf 86' lang='lat' dir='ltr'><strong>fit</strong></span> <span class='ocrx_word' id='word_1_145' title='bbox 494 1990 527 2040; x_wconf 93' lang='lat' dir='ltr'><strong>ut</strong></span> <span class='ocrx_word' id='word_1_146' title='bbox 547 1977 572 2040; x_wconf 94' lang='lat' dir='ltr'><strong>is</strong></span> <span class='ocrx_word' id='word_1_147' title='bbox 592 1978 821 2041; x_wconf 87' lang='lat' dir='ltr'><strong>assentatoribus</strong></span> <span class='ocrx_word' id='word_1_148' title='bbox 844 1978 1002 2057; x_wconf 85' lang='lat' dir='ltr'><strong>patefaciat</strong></span> <span class='ocrx_word' id='word_1_149' title='bbox 1025 1999 1114 2040; x_wconf 88' lang='lat' dir='ltr'><strong>aures</strong></span> 
     </span>
     <span class='ocr_line' id='line_1_21' title="bbox 166 2070 1114 2153; baseline 0.004 -22"><span class='ocrx_word' id='word_1_150' title='bbox 166 2089 234 2132; x_wconf 90' lang='lat' dir='ltr'><strong>suas</strong></span> <span class='ocrx_word' id='word_1_151' title='bbox 248 2070 385 2146; x_wconf 87' lang='lat' dir='ltr'><strong>maxime,</strong></span> <span class='ocrx_word' id='word_1_152' title='bbox 400 2071 451 2150; x_wconf 93' lang='lat' dir='ltr'><strong>qui</strong></span> <span class='ocrx_word' id='word_1_153' title='bbox 470 2071 535 2153; x_wconf 87' lang='lat' dir='ltr'><strong>ipse</strong></span> <span class='ocrx_word' id='word_1_154' title='bbox 556 2071 612 2134; x_wconf 90' lang='lat' dir='ltr'><strong>sibi</strong></span> <span class='ocrx_word' id='word_1_155' title='bbox 631 2083 797 2134; x_wconf 89' lang='lat' dir='ltr'><strong>assentetur</strong></span> <span class='ocrx_word' id='word_1_156' title='bbox 816 2084 846 2135; x_wconf 96' lang='lat' dir='ltr'><strong>et</strong></span> <span class='ocrx_word' id='word_1_157' title='bbox 859 2092 891 2134; x_wconf 94' lang='lat' dir='ltr'><strong>se</strong></span> <span class='ocrx_word' id='word_1_158' title='bbox 905 2072 1033 2134; x_wconf 89' lang='lat' dir='ltr'><strong>maxime</strong></span> <span class='ocrx_word' id='word_1_159' title='bbox 1046 2073 1114 2152; x_wconf 91' lang='lat' dir='ltr'><strong>ipse</strong></span> 
     </span>
    </p>

    <p class='ocr_par' dir='ltr' id='par_1_4' title="bbox 114 2165 1114 3188">
     <span class='ocr_line' id='line_1_22' title="bbox 114 2165 1114 2246; baseline -0.001 -16"><span class='ocrx_word' id='word_1_160' title='bbox 114 2165 152 2230; x_wconf 75' lang='grc'><strong>98</strong></span> <span class='ocrx_word' id='word_1_161' title='bbox 166 2166 302 2228; x_wconf 87' lang='lat' dir='ltr'><strong>delectet.</strong></span> <span class='ocrx_word' id='word_1_162' title='bbox 345 2165 478 2230; x_wconf 93' lang='lat' dir='ltr'><strong>Omnino</strong></span> <span class='ocrx_word' id='word_1_163' title='bbox 492 2178 537 2230; x_wconf 90' lang='lat' dir='ltr'><strong>est</strong></span> <span class='ocrx_word' id='word_1_164' title='bbox 549 2186 653 2227; x_wconf 90' lang='lat' dir='ltr'><strong>amans</strong></span> <span class='ocrx_word' id='word_1_165' title='bbox 670 2167 716 2228; x_wconf 90' lang='lat' dir='ltr'><strong>sui</strong></span> <span class='ocrx_word' id='word_1_166' title='bbox 730 2166 837 2243; x_wconf 82' lang='lat' dir='ltr'><strong>virtus3</strong></span> <span class='ocrx_word' id='word_1_167' title='bbox 859 2167 970 2246; x_wconf 89' lang='lat' dir='ltr'><strong>optime</strong></span> <span class='ocrx_word' id='word_1_168' title='bbox 985 2165 1065 2229; x_wconf 89' lang='lat' dir='ltr'><strong>enim</strong></span> <span class='ocrx_word' id='word_1_169' title='bbox 1081 2189 1114 2230; x_wconf 90' lang='lat' dir='ltr'><strong>se</strong></span> 
     </span>
     <span class='ocr_line' id='line_1_23' title="bbox 166 2263 1112 2344; baseline 0 -18"><span class='ocrx_word' id='word_1_170' title='bbox 166 2264 232 2344; x_wconf 89' lang='lat' dir='ltr'><strong>ipsa</strong></span> <span class='ocrx_word' id='word_1_171' title='bbox 251 2263 343 2339; x_wconf 91' lang='lat' dir='ltr'><strong>novit,</strong></span> <span class='ocrx_word' id='word_1_172' title='bbox 358 2285 509 2344; x_wconf 89' lang='lat' dir='ltr'><strong>quamque</strong></span> <span class='ocrx_word' id='word_1_173' title='bbox 531 2263 666 2327; x_wconf 90' lang='lat' dir='ltr'><strong>amabilis</strong></span> <span class='ocrx_word' id='word_1_174' title='bbox 685 2263 723 2326; x_wconf 92' lang='lat' dir='ltr'><strong>sit</strong></span> <span class='ocrx_word' id='word_1_175' title='bbox 749 2263 911 2343; x_wconf 87' lang='lat' dir='ltr'><strong>intellegit:</strong></span> <span class='ocrx_word' id='word_1_176' title='bbox 932 2283 989 2343; x_wconf 85' lang='lat' dir='ltr'><strong>ego</strong></span> <span class='ocrx_word' id='word_1_177' title='bbox 1008 2276 1112 2326; x_wconf 91' lang='lat' dir='ltr'><strong>autem</strong></span> 
     </span>
     <span class='ocr_line' id='line_1_24' title="bbox 165 2357 1110 2437; baseline 0 -19"><span class='ocrx_word' id='word_1_178' title='bbox 165 2379 227 2420; x_wconf 90' lang='lat' dir='ltr'><strong>non</strong></span> <span class='ocrx_word' id='word_1_179' title='bbox 251 2360 291 2420; x_wconf 92' lang='lat' dir='ltr'><strong>de</strong></span> <span class='ocrx_word' id='word_1_180' title='bbox 313 2358 421 2421; x_wconf 89' lang='lat' dir='ltr'><strong>virtute</strong></span> <span class='ocrx_word' id='word_1_181' title='bbox 441 2378 522 2420; x_wconf 91' lang='lat' dir='ltr'><strong>nunc</strong></span> <span class='ocrx_word' id='word_1_182' title='bbox 545 2360 660 2437; x_wconf 91' lang='lat' dir='ltr'><strong>loquor,</strong></span> <span class='ocrx_word' id='word_1_183' title='bbox 681 2358 734 2420; x_wconf 89' lang='lat' dir='ltr'><strong>sed</strong></span> <span class='ocrx_word' id='word_1_184' title='bbox 759 2359 797 2419; x_wconf 90' lang='lat' dir='ltr'><strong>de</strong></span> <span class='ocrx_word' id='word_1_185' title='bbox 820 2357 934 2420; x_wconf 90' lang='lat' dir='ltr'><strong>virtutis</strong></span> <span class='ocrx_word' id='word_1_186' title='bbox 958 2357 1110 2436; x_wconf 90' lang='lat' dir='ltr'><strong>opinione.</strong></span> 
     </span>
     <span class='ocr_line' id='line_1_25' title="bbox 164 2452 1112 2534; baseline -0.001 -20"><span class='ocrx_word' id='word_1_187' title='bbox 164 2454 281 2517; x_wconf 87' lang='lat' dir='ltr'><strong>Virtute</strong></span> <span class='ocrx_word' id='word_1_188' title='bbox 309 2454 388 2515; x_wconf 89' lang='lat' dir='ltr'><strong>enim</strong></span> <span class='ocrx_word' id='word_1_189' title='bbox 415 2454 480 2534; x_wconf 91' lang='lat' dir='ltr'><strong>ipsa</strong></span> <span class='ocrx_word' id='word_1_190' title='bbox 504 2474 566 2516; x_wconf 92' lang='lat' dir='ltr'><strong>non</strong></span> <span class='ocrx_word' id='word_1_191' title='bbox 590 2465 651 2515; x_wconf 89' lang='lat' dir='ltr'><strong>tam</strong></span> <span class='ocrx_word' id='word_1_192' title='bbox 677 2452 762 2514; x_wconf 91' lang='lat' dir='ltr'><strong>multi</strong></span> <span class='ocrx_word' id='word_1_193' title='bbox 784 2452 910 2531; x_wconf 89' lang='lat' dir='ltr'><strong>praediti</strong></span> <span class='ocrx_word' id='word_1_194' title='bbox 933 2473 997 2515; x_wconf 88' lang='lat' dir='ltr'><strong>esse</strong></span> <span class='ocrx_word' id='word_1_195' title='bbox 1019 2473 1112 2531; x_wconf 89' lang='lat' dir='ltr'><strong>quam</strong></span> 
     </span>
     <span class='ocr_line' id='line_1_26' title="bbox 165 2545 1113 2623; baseline -0.002 -13"><span class='ocrx_word' id='word_1_196' title='bbox 165 2547 258 2610; x_wconf 90' lang='lat' dir='ltr'><strong>videri</strong></span> <span class='ocrx_word' id='word_1_197' title='bbox 284 2549 395 2610; x_wconf 91' lang='lat' dir='ltr'><strong>volunt.</strong></span> <span class='ocrx_word' id='word_1_198' title='bbox 439 2551 508 2610; x_wconf 93' lang='lat' dir='ltr'><strong>Hos</strong></span> <span class='ocrx_word' id='word_1_199' title='bbox 532 2548 660 2609; x_wconf 85' lang='lat' dir='ltr'><strong>delectat</strong></span> <span class='ocrx_word' id='word_1_200' title='bbox 683 2545 861 2623; x_wconf 83' lang='lat' dir='ltr'><strong>assentati03</strong></span> <span class='ocrx_word' id='word_1_201' title='bbox 891 2546 937 2607; x_wconf 93' lang='lat' dir='ltr'><strong>his</strong></span> <span class='ocrx_word' id='word_1_202' title='bbox 960 2548 1046 2609; x_wconf 89' lang='lat' dir='ltr'><strong>fictus</strong></span> <span class='ocrx_word' id='word_1_203' title='bbox 1072 2549 1113 2608; x_wconf 87' lang='lat' dir='ltr'><strong>ad</strong></span> 
     </span>
     <span class='ocr_line' id='line_1_27' title="bbox 165 2639 1111 2722; baseline -0.003 -19"><span class='ocrx_word' id='word_1_204' title='bbox 165 2643 296 2722; x_wconf 91' lang='lat' dir='ltr'><strong>ipsorum</strong></span> <span class='ocrx_word' id='word_1_205' title='bbox 323 2645 507 2704; x_wconf 89' lang='lat' dir='ltr'><strong>voluntatem</strong></span> <span class='ocrx_word' id='word_1_206' title='bbox 531 2659 628 2702; x_wconf 90' lang='lat' dir='ltr'><strong>senno</strong></span> <span class='ocrx_word' id='word_1_207' title='bbox 656 2660 724 2700; x_wconf 88' lang='lat' dir='ltr'><strong>cum</strong></span> <span class='ocrx_word' id='word_1_208' title='bbox 751 2639 916 2715; x_wconf 91' lang='lat' dir='ltr'><strong>adhibetur,</strong></span> <span class='ocrx_word' id='word_1_209' title='bbox 944 2640 1111 2702; x_wconf 86' lang='lat' dir='ltr'><strong>orationem</strong></span> 
     </span>
     <span class='ocr_line' id='line_1_28' title="bbox 165 2735 1110 2813; baseline -0.003 -15"><span class='ocrx_word' id='word_1_210' title='bbox 165 2736 245 2800; x_wconf 88' lang='lat' dir='ltr'><strong>illam</strong></span> <span class='ocrx_word' id='word_1_211' title='bbox 268 2757 375 2799; x_wconf 89' lang='lat' dir='ltr'><strong>vanam</strong></span> <span class='ocrx_word' id='word_1_212' title='bbox 399 2735 601 2798; x_wconf 92' lang='lat' dir='ltr'><strong>testimonium</strong></span> <span class='ocrx_word' id='word_1_213' title='bbox 625 2753 689 2796; x_wconf 92' lang='lat' dir='ltr'><strong>esse</strong></span> <span class='ocrx_word' id='word_1_214' title='bbox 713 2735 835 2795; x_wconf 86' lang='lat' dir='ltr'><strong>laudum</strong></span> <span class='ocrx_word' id='word_1_215' title='bbox 854 2753 972 2795; x_wconf 88' lang='lat' dir='ltr'><strong>suarum</strong></span> <span class='ocrx_word' id='word_1_216' title='bbox 994 2745 1110 2813; x_wconf 86' lang='lat' dir='ltr'><strong>putant.</strong></span> 
     </span>
     <span class='ocr_line' id='line_1_29' title="bbox 166 2827 1111 2909; baseline -0.007 -14"><span class='ocrx_word' id='word_1_217' title='bbox 166 2835 258 2895; x_wconf 91' lang='lat' dir='ltr'><strong>Nulla</strong></span> <span class='ocrx_word' id='word_1_218' title='bbox 277 2842 323 2893; x_wconf 93' lang='lat' dir='ltr'><strong>est</strong></span> <span class='ocrx_word' id='word_1_219' title='bbox 343 2829 431 2909; x_wconf 86' lang='lat' dir='ltr'><strong>igitur</strong></span> <span class='ocrx_word' id='word_1_220' title='bbox 450 2831 525 2892; x_wconf 88' lang='lat' dir='ltr'><strong>haec</strong></span> <span class='ocrx_word' id='word_1_221' title='bbox 545 2827 684 2905; x_wconf 86' lang='lat' dir='ltr'><strong>amicitia,</strong></span> <span class='ocrx_word' id='word_1_222' title='bbox 705 2847 772 2888; x_wconf 88' lang='lat' dir='ltr'><strong>curn</strong></span> <span class='ocrx_word' id='word_1_223' title='bbox 792 2830 865 2890; x_wconf 90' lang='lat' dir='ltr'><strong>alter</strong></span> <span class='ocrx_word' id='word_1_224' title='bbox 884 2848 985 2890; x_wconf 90' lang='lat' dir='ltr'><strong>verum</strong></span> <span class='ocrx_word' id='word_1_225' title='bbox 1007 2827 1111 2889; x_wconf 91' lang='lat' dir='ltr'><strong>audire</strong></span> 
     </span>
     <span class='ocr_line' id='line_1_30' title="bbox 165 2921 1112 3000; baseline -0.002 -16"><span class='ocrx_word' id='word_1_226' title='bbox 165 2943 226 2987; x_wconf 90' lang='lat' dir='ltr'><strong>non</strong></span> <span class='ocrx_word' id='word_1_227' title='bbox 247 2925 317 2998; x_wconf 91' lang='lat' dir='ltr'><strong>vult,</strong></span> <span class='ocrx_word' id='word_1_228' title='bbox 332 2925 407 2984; x_wconf 92' lang='lat' dir='ltr'><strong>alter</strong></span> <span class='ocrx_word' id='word_1_229' title='bbox 426 2924 467 2984; x_wconf 91' lang='lat' dir='ltr'><strong>ad</strong></span> <span class='ocrx_word' id='word_1_230' title='bbox 484 2921 688 2984; x_wconf 91' lang='lat' dir='ltr'><strong>mentiendum</strong></span> <span class='ocrx_word' id='word_1_231' title='bbox 708 2932 825 3000; x_wconf 85' lang='lat' dir='ltr'><strong>paratus</strong></span> <span class='ocrx_word' id='word_1_232' title='bbox 846 2932 900 2983; x_wconf 90' lang='lat' dir='ltr'><strong>est.</strong></span> <span class='ocrx_word' id='word_1_233' title='bbox 941 2923 1008 2983; x_wconf 92' lang='lat' dir='ltr'><strong>Nec</strong></span> <span class='ocrx_word' id='word_1_234' title='bbox 1029 2941 1112 3000; x_wconf 86' lang='lat' dir='ltr'><strong>para-</strong></span> 
     </span>
     <span class='ocr_line' id='line_1_31' title="bbox 165 3013 1110 3096; baseline -0.001 -19"><span class='ocrx_word' id='word_1_235' title='bbox 165 3015 287 3096; x_wconf 84' lang='lat' dir='ltr'><strong>sitorum</strong></span> <span class='ocrx_word' id='word_1_236' title='bbox 310 3015 341 3078; x_wconf 91' lang='lat' dir='ltr'><strong>in</strong></span> <span class='ocrx_word' id='word_1_237' title='bbox 365 3015 530 3078; x_wconf 91' lang='lat' dir='ltr'><strong>comoediis</strong></span> <span class='ocrx_word' id='word_1_238' title='bbox 550 3013 710 3077; x_wconf 89' lang='lat' dir='ltr'><strong>assentatio</strong></span> <span class='ocrx_word' id='word_1_239' title='bbox 730 3015 826 3076; x_wconf 79' lang='lat' dir='ltr'><strong>faceta</strong></span> <span class='ocrx_word' id='word_1_240' title='bbox 845 3014 933 3076; x_wconf 93' lang='lat' dir='ltr'><strong>nobis</strong></span> <span class='ocrx_word' id='word_1_241' title='bbox 953 3013 1110 3091; x_wconf 90' lang='lat' dir='ltr'><strong>videretur,</strong></span> 
     </span>
     <span class='ocr_line' id='line_1_32' title="bbox 164 3107 647 3188; baseline -0.006 -17"><span class='ocrx_word' id='word_1_242' title='bbox 164 3109 221 3172; x_wconf 91' lang='lat' dir='ltr'><strong>nisi</strong></span> <span class='ocrx_word' id='word_1_243' title='bbox 235 3121 333 3172; x_wconf 88' lang='lat' dir='ltr'><strong>esseut</strong></span> <span class='ocrx_word' id='word_1_244' title='bbox 346 3109 454 3172; x_wconf 90' lang='lat' dir='ltr'><strong>milites</strong></span> <span class='ocrx_word' id='word_1_245' title='bbox 467 3107 593 3188; x_wconf 84' lang='lat' dir='ltr'><strong>gloriosi.</strong></span> <span class='ocrx_word' id='word_1_246' title='bbox 644 3157 647 3162; x_wconf 92' lang='lat'>.</span> 
     </span>
    </p>

    <p class='ocr_par' dir='ltr' id='par_1_5' title="bbox 165 3203 1111 3378">
     <span class='ocr_line' id='line_1_33' title="bbox 318 3203 955 3282; baseline -0.006 -16"><span class='ocrx_word' id='word_1_247' title='bbox 318 3207 448 3282; x_wconf 80' lang='lat' dir='ltr'><strong>Magnas</strong></span> <span class='ocrx_word' id='word_1_248' title='bbox 462 3223 526 3265; x_wconf 86' lang='lat' dir='ltr'><strong>vera</strong></span> <span class='ocrx_word' id='word_1_249' title='bbox 538 3223 619 3281; x_wconf 81' lang='lat' dir='ltr'><strong>agera</strong></span> <span class='ocrx_word' id='word_1_250' title='bbox 628 3205 741 3280; x_wconf 75' lang='lat' dir='ltr'><strong>gratias</strong></span> <span class='ocrx_word' id='word_1_251' title='bbox 757 3204 847 3262; x_wconf 80' lang='lat' dir='ltr'><strong>Thais</strong></span> <span class='ocrx_word' id='word_1_252' title='bbox 860 3203 935 3262; x_wconf 83' lang='lat' dir='ltr'><strong>milri</strong></span> <span class='ocrx_word' id='word_1_253' title='bbox 941 3206 955 3262; x_wconf 79' lang='lat'>7</span> 
     </span>
     <span class='ocr_line' id='line_1_34' title="bbox 165 3294 1111 3378; baseline -0.006 -16"><span class='ocrx_word' id='word_1_254' title='bbox 165 3299 240 3362; x_wconf 86' lang='lat' dir='ltr'><strong>Satis</strong></span> <span class='ocrx_word' id='word_1_255' title='bbox 261 3310 323 3362; x_wconf 88' lang='lat' dir='ltr'><strong>erat</strong></span> <span class='ocrx_word' id='word_1_256' title='bbox 342 3299 523 3378; x_wconf 88' lang='lat' dir='ltr'><strong>respondere</strong></span> <span class='ocrx_word' id='word_1_257' title='bbox 536 3299 683 3375; x_wconf 86' lang='lat' dir='ltr'><strong>Magnas:</strong></span> <span class='ocrx_word' id='word_1_258' title='bbox 703 3299 830 3374; x_wconf 83' lang='lat' dir='ltr'><strong>Ingentes</strong></span> <span class='ocrx_word' id='word_1_259' title='bbox 842 3294 945 3374; x_wconf 89' lang='lat' dir='ltr'><strong>inquit.</strong></span> <span class='ocrx_word' id='word_1_260' title='bbox 987 3297 1111 3375; x_wconf 90' lang='lat' dir='ltr'><strong>Semper</strong></span> 
     </span>
    </p>
   </div>
   <div class='ocr_carea' id='block_1_3' title="bbox 163 3393 1112 3530">
    <p class='ocr_par' dir='ltr' id='par_1_6' title="bbox 163 3393 1112 3530">
     <span class='ocr_line' id='line_1_35' title="bbox 163 3393 1112 3476; baseline -0.001 -21"><span class='ocrx_word' id='word_1_261' title='bbox 163 3406 251 3474; x_wconf 86' lang='lat' dir='ltr'><strong>auget</strong></span> <span class='ocrx_word' id='word_1_262' title='bbox 264 3407 428 3460; x_wconf 88' lang='lat' dir='ltr'><strong>assentator</strong></span> <span class='ocrx_word' id='word_1_263' title='bbox 441 3396 482 3476; x_wconf 89' lang='lat' dir='ltr'><strong>id,</strong></span> <span class='ocrx_word' id='word_1_264' title='bbox 497 3396 579 3474; x_wconf 92' lang='lat' dir='ltr'><strong>quod</strong></span> <span class='ocrx_word' id='word_1_265' title='bbox 598 3394 624 3456; x_wconf 90' lang='lat' dir='ltr'><strong>is</strong></span> <span class='ocrx_word' id='word_1_266' title='bbox 644 3393 726 3455; x_wconf 88' lang='lat' dir='ltr'><strong>cuius</strong></span> <span class='ocrx_word' id='word_1_267' title='bbox 747 3395 786 3454; x_wconf 90' lang='lat' dir='ltr'><strong>ad</strong></span> <span class='ocrx_word' id='word_1_268' title='bbox 806 3397 989 3455; x_wconf 80' lang='lat' dir='ltr'><strong>voluntatem</strong></span> <span class='ocrx_word' id='word_1_269' title='bbox 1004 3393 1112 3454; x_wconf 88' lang='lat' dir='ltr'><strong>dicitur</strong></span> 
     </span>
     <span class='ocr_line' id='line_1_36' title="bbox 242 3489 267 3530; baseline 0.04 -1"><span class='ocrx_word' id='word_1_270' title='bbox 242 3489 267 3530; x_wconf 79' lang='lat' dir='ltr'><strong>ar</strong></span> 
     </span>
    </p>
   </div>
   <div class='ocr_carea' id='block_1_4' title="bbox 0 0 1184 3782">
    <p class='ocr_par' dir='ltr' id='par_1_7' title="bbox 0 0 1184 3782">
     <span class='ocr_line' id='line_1_37' title="bbox 0 0 1184 3782; baseline 0 1"><span class='ocrx_word' id='word_1_271' title='bbox 0 0 1184 3782; x_wconf 95' lang='lat' dir='ltr'><strong> </strong></span> 
     </span>
    </p>
   </div>
  </div>
 </body>
</html>
