2362 3742
122 245 218 321 3133]
472 248 527 310 DE
544 247 721 312 AMICITIA

121 426 244 488 lentiam
264 428 470 502 consuetudo;
492 429 545 490 sed
570 447 751 506 quamquam
765 427 906 489 utilitates
920 429 1030 490 multae
1045 440 1074 490 et

121 541 246 600 magnae
262 532 440 583 consecutae
455 532 531 596 sunt,
547 541 610 583 non
633 533 700 582 sunt
714 532 815 583 tamen
838 524 877 583 ab
899 542 999 583 earum
1020 542 1074 601 spe

121 636 229 678 causae
250 616 393 695 diligendi
407 618 565 694 proiectae.
588 618 633 677 Ut
647 615 726 677 enim
740 615 867 677 benefici
880 617 1074 696 liberalesque
1087 619 1123 681 31

91 759 102 782 ,
121 731 223 771 sumus
237 731 300 772 non
314 723 347 772 ut
362 710 512 788 exigamus
526 709 649 790 gratiam
664 710 775 790 (neque
797 709 877 772 enim
898 711 1074 773 beneficium

65 853 66 858 ,
88 841 91 850 ‚
120 803 309 884 feneramur),
326 803 384 886 sed¹
393 816 497 867 natura
510 803 651 883 propensi
665 805 704 866 ad
725 804 931 866 liberalitatem
953 825 1074 867 sumus:

121 897 165 958 sic
179 896 339 960 amicitiam
353 917 415 959 non
430 918 483 976 spe
494 897 639 970 mercedis
653 897 783 974 adducti,
806 901 859 960 sed
874 900 956 976 quod
977 899 1074 962 omnis
1094 962 1097 975 ,

121 990 185 1052 eius
208 990 317 1052 fructus
338 990 455 1069 inipso
477 1011 578 1052 amore
602 991 686 1065 inest,
704 994 902 1070 expetendam
926 1004 1071 1072 putamus.

119 1089 169 1150 Ab
186 1085 231 1147 his
246 1085 297 1164 qui
311 1087 462 1164 pecudum
485 1085 542 1147 ritu
564 1087 603 1148 ad
623 1087 807 1164 voluptatem
825 1086 926 1147 omnia
946 1089 1074 1150 refenmt
1085 1087 1125 1152 32

120 1180 209 1258 longe
224 1178 411 1254 dissentiunt,
434 1200 492 1242 nec
516 1180 630 1242 mirum.
675 1179 758 1240 Nihil
781 1180 861 1241 enim
883 1183 984 1255 altum,
999 1179 1073 1244 nihil

119 1273 311 1353 magnificum
325 1294 361 1335 ac
374 1273 508 1336 divinum
521 1274 669 1353 suspicere
682 1285 815 1352 possunt,
826 1273 877 1354 qui
887 1295 955 1338 suas
969 1296 1072 1338 omnes

120 1369 317 1448 cogitationes
346 1369 517 1431 abiecerunt
541 1369 572 1430 in
606 1389 668 1430 rem
693 1381 755 1431 tam
782 1369 926 1430 humilem
951 1380 1072 1450 tamque

121 1453 332 1542 contemptam.
376 1466 475 1541 Quam
496 1465 536 1525 ob
565 1483 627 1523 rem
649 1465 704 1524 hos
728 1461 851 1541 quidem
871 1465 909 1524 ab
936 1464 994 1526 hoc
1015 1486 1072 1528 ser·

120 1578 210 1620 mone
224 1578 447 1635 removeamus;
467 1557 525 1637 ipsi
538 1569 638 1619 autem
651 1556 849 1636 intelligamus
867 1569 973 1620 natura
992 1559 1072 1639 gigni
1172 1613 1173 1616 ,

121 1671 242 1714 sensum
266 1652 410 1731 diligendi
433 1664 463 1713 et
486 1649 712 1713 benevolentiae
732 1651 894 1728 caritatem,
921 1654 999 1714 facta
1018 1652 1072 1734 sig

119 1743 288 1835 nificatione
302 1746 463 1826 probitatis
508 1748 608 1823 Quam
623 1745 674 1824 qui
687 1746 899 1825 appetiverunt,
922 1748 1072 1828 applicant

119 1863 152 1910 se
178 1853 208 1903 et
227 1837 348 1920 propius
370 1842 538 1917 admovent,
562 1852 595 1901 ut
614 1850 644 1901 et
668 1861 722 1902 usu
750 1840 812 1902 eius
838 1862 927 1920 quem
952 1839 1071 1922 diligere

120 1947 284 2015 coeperunt
297 1937 428 1996 fruantur
442 1946 472 1996 et
492 1934 642 1997 moribus:
664 1946 791 2012 suntque
812 1955 898 2014 pares
919 1935 950 1998 in
971 1957 1070 1999 amore

120 2043 151 2092 et
174 2027 321 2108 aequales,
337 2028 603 2110 propensioresque
624 2030 663 2090 ad
688 2031 765 2090 bene
787 2031 962 2092 merendum
982 2053 1071 2110 quam

119 2123 160 2187 ad
187 2125 412 2203 reposcendum,
449 2135 539 2202 atque
573 2125 649 2183 haec
682 2122 759 2185 inter
793 2144 845 2185 eos
880 2136 925 2187 est
946 2125 1071 2188 honesta

119 2222 251 2282 certatio.
295 2220 344 2282 Sic
369 2231 399 2280 et
417 2219 559 2280 utilitates
580 2241 617 2280 ex
637 2218 768 2280 amicitia
787 2219 933 2282 maximae
954 2221 1071 2301 capien-

119 2328 175 2389 tur,
198 2313 304 2376 eterit
331 2313 394 2376 eius
419 2325 500 2375 ortus
523 2334 541 2374 a
564 2324 669 2374 natura
691 2334 781 2391 quam
803 2317 842 2377 ab
867 2309 1070 2379 imbecillitate

118 2399 234 2489 gravior
244 2418 274 2469 et
288 2407 391 2469 verior.
428 2410 506 2468 Nam
522 2399 546 2468 si
561 2406 670 2468 utilitas
684 2406 829 2468 amicitias
844 2409 1067 2487 conglutinaret,

120 2505 227 2565 eadem
255 2511 437 2563 commutata
455 2492 643 2562 dissolveret:
668 2501 722 2562 sed
744 2500 815 2578 quia
839 2513 943 2563 natura
964 2505 1071 2565 mutari

119 2613 182 2661 non
209 2608 317 2676 potest,
340 2589 450 2658 idcirco
474 2616 561 2658 verae
589 2588 736 2657 amicitiae
765 2595 964 2675 sempiternae
991 2612 1070 2662 sunt.

120 2695 227 2756 Ortum
249 2691 371 2770 quidem
391 2688 537 2754 amicitiae
558 2689 674 2764 videtis,
689 2688 747 2750 nisi
761 2689 834 2767 quid
847 2693 887 2752 ad
907 2693 982 2755 haec
995 2695 1069 2756 forte

118 2789 215 2850 vultis.
703 2870 706 2876 Ι
920 2789 921 2792 ’

160 2887 315 2944 Fauurua
337 2875 385 2944 Tu
407 2895 478 2944 vero
502 2892 599 2959 perge,
625 2872 727 2958 Laeli;
747 2901 801 2960 pro
824 2873 882 2944 hoc
907 2881 994 2960 eninr,
1019 2884 1071 2963 qui

119 2977 216 3040 minor
230 2989 275 3039 est
288 2987 369 3052 natu,
384 2997 453 3037 meo
467 2975 528 3036 iure
542 2976 719 3052 respondeo.

159 3077 328 3136 Senavom.
351 3074 447 3132 Recte
461 3081 492 3131 tu
506 3068 636 3147 quidem.
664 3072 762 3147 Quam
776 3071 815 3133 ob
830 3091 891 3132 rem
905 3070 1068 3134 audiamus.

160 3169 197 3229 X.
220 3168 367 3228 Laucrus.
388 3164 500 3226 Audite
528 3184 607 3239 vero,
633 3164 737 3242 optimi
764 3164 826 3240 viri,
847 3186 883 3226 ea
904 3187 980 3245 quae
1009 3187 1070 3228 sae·
1083 3167 1121 3229 33

118 3261 239 3342 pissime
253 3261 329 3322 inter
344 3280 396 3321 me
410 3271 440 3321 et
462 3257 633 3336 Scipionem
647 3259 686 3319 de
700 3257 829 3321 amicitia
841 3258 1069 3323 disserebantur.

120 3360 309 3435 Quamquam
324 3354 372 3416 ille
384 3353 505 3433 quidem
520 3352 595 3415 nihil
608 3351 754 3414 difficilius
766 3372 830 3416 esse
840 3352 966 3430 dicebat,
978 3374 1068 3434 quam

118 3450 278 3515 amicitiam
303 3469 398 3527 usque
419 3449 457 3510 ad
483 3458 644 3509 extremum
668 3445 746 3507 vitae
774 3445 854 3510 diem
876 3468 1068 3528 permanere:

962 3543 985 3583 13
