2362 3742
508 238 670 290 LAELIUS
966 234 1061 300 [baal

113 384 261 465 praesidii,
276 383 398 446 minime
418 382 538 445 alterius
559 383 721 462 indigeant,
737 383 933 447 liberalissimi
953 383 1012 446 sint
1033 395 1062 446 et

113 479 382 552 beneficentissimi.
432 482 532 558 Atque
557 480 638 541 haud
665 479 757 542 sciam
784 500 823 544 an
851 501 890 543 ne
916 499 992 560 opus
1025 478 1063 542 sit

101 574 238 653 *quidem
252 573 324 634 nihil
335 592 479 651 umquam
492 571 616 634 omnino
634 575 738 637 deesse
754 574 865 642 amicis
910 572 973 636 Ubi
984 572 1062 634 enim

115 667 213 731 studia
232 678 334 730 nostra
350 666 518 746 viguissent,
534 666 559 728 si
573 688 736 746 numquam
750 667 884 742 consilio,
900 687 1063 746 numquam

115 784 207 843 opera
233 775 334 825 nostra
360 783 417 823 nec
444 761 528 824 domi
552 782 609 823 nec
633 761 755 824 militiae
787 763 887 842 Scipio
915 761 1065 842 eguisset?

115 861 187 920 Non
215 856 301 936 igitur
328 855 485 919 utilitatem
512 855 649 931 amicitia,
677 859 735 928 ⁴sed
766 856 875 920 utilitas
904 855 1064 918 amicitiam

116 964 218 1016 secuta
238 963 291 1013 est.

65 1055 104 1120 52
156 1050 224 1108 XV.
247 1049 318 1108 Non
332 1066 402 1126 ergo
416 1057 501 1108 erunt
521 1044 656 1107 homines
671 1044 785 1106 deliciis
800 1044 967 1106 diffluentes
985 1044 1068 1108 audi-

117 1141 195 1216 endi,
218 1140 242 1201 si
264 1142 385 1218 quando
400 1141 438 1202 de
459 1138 598 1211 amicitia,
618 1159 708 1218 quam
729 1159 786 1199 nec
800 1159 857 1200 usu
877 1159 934 1200 nec
954 1138 1068 1202 ratione

116 1238 229 1298 habent
256 1234 416 1313 cognitam,
444 1233 645 1314 disputabunt.
703 1237 784 1294 Nam
813 1233 879 1313 quis
910 1245 964 1309 est,
992 1236 1069 1313 proh

117 1331 242 1392 deorum
269 1330 360 1389 fidem
394 1339 484 1407 atque
511 1327 689 1389 hominum!
725 1327 776 1406 qui
803 1326 882 1402 velit,
911 1339 944 1389 ut
971 1348 1070 1407 neque

118 1425 222 1504 diligat
236 1444 416 1504 quemquam
430 1443 487 1486 nec
501 1422 565 1502 ipse
575 1425 614 1486 ab
629 1424 692 1484 ullo
705 1422 851 1501 diligatur,
868 1422 1069 1486 circumfluere

119 1518 256 1582 omnibus
283 1518 378 1597 copiis
405 1529 494 1597 atque
528 1517 560 1579 in
594 1517 729 1580 omnium
762 1538 859 1578 rerum
886 1518 1071 1582 abundantia

118 1614 240 1676 vivere?
289 1615 377 1674 Haec
398 1611 478 1673 enim
503 1623 548 1674 est
572 1623 763 1692 tyrannorum
785 1611 846 1673 vita
870 1611 1016 1686 nimirum,
1039 1612 1071 1674 in
1115 1599 1119 1606 ¹

120 1728 179 1788 qua
192 1709 274 1768 nulla
287 1709 371 1780 fides,
387 1708 468 1766 nulla
481 1705 594 1780 caritas,
610 1709 691 1768 nulla
710 1705 824 1768 stabilis
842 1705 1072 1769 benevolentiae

119 1813 220 1882 potest
244 1822 310 1864 esse
332 1801 459 1862 fiducia:
480 1801 581 1863 onmia
605 1821 722 1880 semper
746 1812 884 1880 suspecta
903 1813 993 1879 atque
1016 1803 1073 1863 sol-

68 1906 108 1971 53
120 1896 208 1970 licita,
224 1898 320 1957 nullus
335 1897 418 1957 locus
433 1893 587 1956 amicitiae.
631 1895 707 1972 Quis
721 1894 801 1956 enim
815 1907 866 1956 aut
886 1914 954 1957 eum
969 1894 1090 1974 diligat.

121 2011 211 2070 quem
225 1999 347 2064 metuat,
362 2000 414 2050 aut
428 2007 497 2050 eum
510 2009 529 2049 a
542 2008 603 2066 quo
618 2009 650 2050 se
664 1987 756 2051 metui
777 1991 884 2069 putet?
925 1991 1074 2051 Coluntur

121 2075 222 2148 tamen
244 2081 432 2145 simulatione
446 2084 600 2145 dumtaxat
613 2085 652 2145 ad
672 2095 800 2163 tempus.
841 2085 933 2161 Quod
947 2083 973 2145 si
985 2085 1074 2158 forte,

122 2191 155 2240 ut
182 2180 216 2239 fit
250 2179 433 2258 plerumque,
472 2177 652 2254 cecidemnt,
680 2189 744 2238 tum
778 2177 949 2258 intelligitur
983 2198 1074 2258 quam

122 2273 229 2335 luerint
263 2273 368 2351 inopes
396 2271 584 2333 amicorum:
618 2273 701 2351 quod
735 2272 931 2350 Tarquinium
964 2273 1076 2335 dixisse

122 2370 219 2430 serunt
233 2369 426 2443 exsulantem,
443 2378 506 2428 tum
521 2387 552 2428 se
574 2365 753 2429 intellexisse
774 2386 851 2444 quos
864 2368 941 2428 fidos
962 2367 1077 2430 amicos

122 2462 275 2525 habuisset
295 2482 371 2541 quos
392 2461 510 2536 infidos,
527 2481 596 2521 cum
617 2460 676 2521 iam
695 2461 806 2524 neutris
826 2460 950 2539 gratiam
969 2463 1078 2524 referre

72 2571 111 2634 54
123 2551 233 2637 posset.
278 2557 467 2634 Quamquam
481 2553 577 2630 miror,
588 2553 639 2615 illa
656 2553 794 2634 superbia
809 2566 839 2617 et
853 2554 1080 2634 importunitate

124 2651 148 2712 si
171 2671 351 2729 quemquem
372 2649 501 2711 amicum
522 2651 632 2710 habere
653 2649 758 2728 potuit
802 2652 903 2728 Atque
925 2660 959 2710 ut
977 2649 1079 2725 huiuS,

125 2765 215 2823 quem
237 2743 306 2818 dixi,
330 2764 428 2806 mores
450 2763 535 2805 veros
558 2742 670 2804 amicos
691 2763 793 2821 parare
813 2763 876 2805 non
898 2754 1061 2822 potuerunt
1072 2766 1083 2819 3

125 2840 168 2902 sic
192 2841 352 2902 multorum
381 2858 453 2916 opes
481 2836 720 2917 praepotentium
747 2839 911 2900 excludunt
934 2836 1083 2902 amicitias

125 2935 237 2996 fideles.
281 2937 352 2995 Non
375 2933 456 2992 enim
477 2933 574 2994 solum
597 2930 662 3009 ipsa
685 2933 816 2993 Fortuna
837 2951 927 2994 caeca
948 2942 1001 3007 est,
1024 2934 1084 2993 sed

127 3049 179 3092 eos
199 3028 289 3090 etiam
309 3029 485 3106 plerumque
508 3026 597 3087 efficit
619 3045 725 3088 caecos
748 3045 824 3104 quos
846 3029 1002 3106 complexa
1023 3039 1083 3088 est.

128 3126 235 3200 Itaque
256 3124 415 3182 efferuntur
435 3124 495 3182 sere
516 3119 635 3182 fastidio
656 3132 687 3183 et
704 3121 901 3195 contumacia,
917 3141 974 3182 nec
996 3121 1086 3199 quid-

127 3236 217 3294 quam
249 3214 408 3294 insipiente
440 3216 589 3276 fortunato
624 3214 839 3276 intolerabilius
873 3214 935 3276 fieri
970 3227 1084 3292 potest.

126 3313 228 3386 Atque
247 3310 306 3370 hoc
320 3307 443 3386 quidem
458 3307 558 3369 videre
573 3308 651 3381 licet,
668 3327 728 3381 eos,
745 3307 796 3385 qui
810 3319 898 3369 antea
912 3309 1085 3369 commodis

126 3402 233 3464 fuerint
246 3401 386 3477 moribus,
402 3400 527 3480 imperio
549 3411 698 3480 potestate
712 3401 859 3480 prosperis
874 3403 962 3464 rebus
976 3401 1086 3464 immu-

208 3493 235 3534 aa
