2362 3742
510 202 672 253 iratius
958 203 1067 264 [aare

117 347 201 408 aiunt
221 347 316 407 multo
342 346 431 408 etiam
458 345 779 423 inhumanius-quem
807 346 907 406 locum
940 345 1067 406 breviter

117 441 272 518 perstrinxi
286 442 376 518 paulo
391 440 639 518 ante-praesidii
652 427 875 518 adiumentique
887 460 983 514 causa,
1003 460 1066 500 non

117 536 342 597 benevolentiae
357 555 454 613 neque
469 536 605 610 caritatis,
626 536 769 596 amicitias
789 555 854 596 esse
875 537 1065 612 expetendas,

116 630 217 708 itaque
245 641 278 691 ut
305 630 430 707 quisque
462 629 617 689 minimum
651 629 795 691 firmitatis
829 631 951 690 haberet
984 629 1068 688 mini-

117 744 259 801 mumque
283 723 398 800 virium,
421 723 463 784 ita
485 723 628 783 amicitias
647 735 786 800 appetere
808 723 956 784 maxime:
977 743 1014 784 ex
1028 743 1066 783 eo

117 819 179 881 fieri
193 829 227 880 ut
240 819 430 896 mulierculae
444 818 537 896 magis
551 817 745 879 amicitiarum
764 817 911 895 praesidia
924 829 1068 894 quaerant

118 933 207 990 quarn
221 913 284 989 viri,
300 923 329 973 et
343 913 447 989 inopes
468 931 557 990 quam
579 912 721 988 opulenti,
738 922 767 972 et
790 911 952 972 calamitosi
976 931 1067 988 quam

66 1007 105 1070 47
119 1008 145 1068 ei
160 1007 211 1084 qui
225 1017 365 1084 putentur
377 1006 465 1066 beati.
510 1006 538 1066 O
552 1006 733 1082 praeclaram
745 1006 936 1083 sapientiam!
965 1007 1068 1067 Solem

118 1101 198 1162 enim
227 1121 243 1162 e
271 1102 385 1161 mundo
413 1101 517 1161 tollere
539 1100 685 1172 videntur,
709 1100 760 1177 qui
784 1101 943 1160 amicitiam
967 1120 983 1160 θ
1006 1099 1069 1160 vita

118 1196 249 1256 tollunt:
270 1214 328 1271 qua
349 1194 422 1254 nihil
443 1187 461 1254 a
482 1194 527 1254 dis
547 1193 761 1254 immortalibus
784 1194 890 1254 melius
911 1193 1067 1268 habemuS,

117 1288 190 1350 nihil
205 1288 371 1349 iucundius.
415 1290 501 1364 Quae
522 1299 567 1348 θεῖ
587 1288 666 1348 enim
687 1288 743 1349 ista
761 1288 921 1348 securitasl
961 1287 1068 1365 Specie

118 1382 240 1460 quidem
254 1383 375 1454 blanda,
391 1384 445 1444 sed
459 1402 562 1459 reapse
576 1382 676 1443 multis
691 1383 764 1442 locis
779 1382 969 1459 repudianda
1008 1384 1070 1442 Ne-

117 1496 176 1556 que
211 1475 290 1537 enim
325 1487 369 1537 est
403 1486 636 1537 consentaneum
676 1477 767 1536 ullam
807 1477 963 1536 honestam
1003 1495 1070 1536 rem

117 1569 304 1631 actionemve
322 1589 361 1630 ne
380 1569 523 1632 sollicitus
545 1570 584 1630 sis
604 1580 656 1632 aut
676 1589 738 1631 non
760 1570 918 1647 suscipere,
934 1581 985 1630 aut
1006 1590 1069 1630 sus-

118 1675 234 1741 ceptam
274 1665 432 1740 deponere.
481 1665 572 1739 Quod
607 1663 631 1724 si
671 1683 773 1724 curam
807 1663 944 1742 fugimus,
974 1663 1069 1724 virtus

117 1758 257 1835 fugienda
282 1769 334 1832 est,
370 1777 447 1836 quae
477 1777 598 1818 necesse
627 1769 672 1818 est
699 1779 769 1818 curn
796 1759 896 1835 aliqua
923 1777 993 1818 cura
1020 1777 1068 1818 res

118 1851 173 1911 sibi
202 1851 360 1912 contrarias
394 1863 566 1928 aspernetur
607 1863 697 1928 atque
732 1852 847 1912 oderit:
883 1864 916 1912 ut
949 1851 1068 1912 bonitas

118 1946 267 2019 malitiam,
304 1947 498 2024 temperantia
533 1947 697 2021 libidinem,
734 1947 880 2024 ignaviam
915 1947 1067 2011 fortitudo.

118 2044 224 2117 Itaque
249 2041 350 2100 videas
371 2044 459 2101 rebus
484 2040 599 2100 iniustis
622 2041 716 2103 iustos
737 2041 863 2102 maxime
884 2043 993 2116 dolere,
1016 2042 1071 2101 irn-

118 2135 245 2196 bellibus
259 2137 357 2209 sortes,
373 2135 524 2213 flagitiosis
545 2136 706 2195 modestos.
750 2138 829 2212 Ergo
843 2137 902 2195 hoc
916 2135 1069 2213 proprium

118 2239 164 2288 est
177 2227 268 2287 animi
281 2229 359 2288 bene
374 2227 536 2303 constituti,
549 2240 579 2288 et
591 2228 692 2288 laetari
707 2228 793 2288 bonis
814 2231 903 2289 rebus
917 2240 947 2290 et
966 2230 1070 2289 dolere

66 2331 106 2394 48
118 2322 280 2382 contrariis.
323 2324 421 2400 Quam
444 2325 484 2383 ob
506 2342 568 2382 rem
592 2322 616 2382 si
631 2323 711 2383 cadit
733 2323 764 2382 in
786 2323 951 2400 sapientem
976 2323 1069 2384 animi

117 2418 212 2490 dolor,
227 2415 279 2494 qui
293 2418 426 2494 prolecto
447 2417 527 2477 cadit
545 2416 601 2476 nisi
624 2435 659 2478 ex
680 2416 743 2477 eius
760 2417 861 2478 animo
880 2417 1070 2494 exstirpatam

117 2512 333 2572 humanitatem
346 2511 540 2572 arbitramur:
558 2531 636 2590 quae
658 2532 749 2572 causa
770 2523 815 2574 est
835 2533 888 2572 cur
908 2512 1071 2573 amicitiam

116 2606 250 2666 funditus
265 2607 402 2667 tollamus
417 2627 434 2667 e
448 2607 516 2682 vita,
531 2626 570 2667 ne
591 2607 703 2685 aliquas
718 2617 838 2685 propter
852 2627 918 2668 eam
931 2607 1072 2684 suscipia-

117 2722 182 2762 mus
196 2702 364 2762 molestias?
405 2701 487 2778 Quid
501 2701 580 2761 enirn
594 2701 723 2776 interest,
738 2713 823 2762 motu
834 2701 925 2762 animi
940 2704 1068 2776 sublato,

116 2817 179 2858 non
192 2796 261 2858 dico
276 2796 351 2857 inter
364 2797 512 2872 pecudem
529 2807 560 2856 et
573 2796 733 2870 hominem,
749 2798 802 2857 sed
817 2796 893 2857 inter
916 2797 1071 2856 hominem

118 2903 147 2952 et
171 2902 309 2952 truncum
332 2901 383 2950 aut
408 2910 510 2950 saxum
539 2901 591 2950 aut
625 2890 742 2967 quidvis
769 2890 884 2968 generis
912 2890 1073 2950 eiusdem?

118 2987 227 3062 Neque
247 2984 326 3044 enim
348 2994 417 3044 sunt
441 2984 489 3044 isti
512 2985 663 3058 audiendi,
679 2984 730 3061 qui
755 2985 892 3045 virtutem
913 2985 1017 3043 duram
1039 2995 1073 3044 et

118 3079 203 3155 quasi
227 3079 349 3138 ferream
375 3096 439 3138 esse
462 3079 612 3154 quandam
632 3080 758 3139 volunt:
780 3098 857 3156 quae
879 3077 1001 3154 quidem
1024 3089 1072 3138 θεῖ

118 3193 187 3232 cum
201 3173 301 3232 multis
312 3172 343 3231 in
356 3174 445 3232 rebus
460 3183 523 3232 tum
538 3173 568 3232 in
582 3171 711 3232 amicitia
731 3184 834 3232 tenera
854 3183 943 3248 atque
966 3182 1072 3232 tracta-

117 3267 194 3340 bilis,
210 3277 244 3326 ut
256 3277 287 3326 et
300 3266 387 3327 bonis
402 3266 488 3326 amici
503 3266 588 3343 quasi
602 3265 807 3327 diffundantur
828 3278 858 3326 et
872 3266 1072 3328 incommodis

117 3361 335 3422 contrahantur.
379 3363 618 3438 Quamobrem
639 3380 733 3439 angor
753 3361 815 3436 iste,
838 3361 889 3438 qui
904 3381 958 3438 pro
972 3361 1072 3423 amico

195 3453 222 3493 re
