2360 3782
563 256 722 308 marrus
1017 259 1113 321 [una

158 400 297 461 stantiam
317 400 441 473 virtutis,
457 400 577 479 ingenii,
590 402 726 462 fortunae
741 401 895 462 consecuti
920 401 986 476 sint,
1001 401 1111 478 imper-

158 495 232 557 tiant
246 495 350 558 easuis
365 495 645 574 communicentque
660 516 729 556 cum
742 495 891 573 proximis,
904 508 937 557 ut
944 497 968 556 si
983 495 1113 574 parenti-

157 592 214 650 bus
228 590 290 650 nati
304 590 363 651 sint
383 590 552 663 humilibus,
576 590 600 650 si
621 590 805 669 propinquos
826 592 957 652 habeant
977 589 1113 650 imbecil-

157 683 244 744 liores
258 685 305 744 vel
327 683 427 744 animo
448 685 496 744 vel
516 685 641 757 fortuna,
658 703 762 745 eorum
777 695 905 763 augeant
919 704 992 763 opes
1006 684 1112 760 eisque

157 779 263 840 honori
284 779 343 839 sint
371 789 401 840 et
431 778 586 856 dignitati:
621 789 655 838 ut
675 779 705 838 in
727 780 833 840 fabulis
855 779 906 856 qui
927 779 1112 856 aliquamdiu

157 885 277 950 propter
291 872 508 952 ignorationem
519 871 616 951 stirpis
625 885 656 933 et
664 873 778 951 generis
790 874 821 933 in
831 874 973 934 famulatu
983 874 1111 944 fuerunt,

158 986 228 1026 cum
241 967 353 1047 cogniti
373 978 443 1028 sunt
464 979 493 1028 et
514 978 565 1028 aut
586 968 712 1028 deorum
733 979 784 1028 aut
797 987 900 1046 regum
915 965 966 1027 filii
987 967 1111 1040 inventi,

157 1061 285 1124 retinent
306 1073 407 1124 tamen
427 1061 578 1123 caritatem
597 1061 628 1122 in
643 1073 777 1140 pastores
798 1082 874 1140 quos
887 1073 985 1141 patres
999 1064 1114 1122 multos

157 1175 252 1218 annos
267 1176 332 1218 esse
346 1157 491 1218 duxerint
535 1158 627 1233 Quod
641 1168 687 1219 est
708 1159 803 1218 multo
818 1160 951 1235 prolecto
966 1156 1061 1236 magis
1080 1155 1111 1215 in

158 1249 234 1311 veris
248 1250 382 1329 patribus
393 1250 540 1328 certisque
550 1250 729 1311 laciendum.
773 1253 897 1312 Fructus
910 1249 990 1311 enim
999 1247 1114 1328 ingenii
1164 1281 1165 1290 r

159 1357 189 1407 et
202 1345 316 1407 virtutis
338 1345 496 1423 omnisque
517 1345 713 1423 praestantiae
734 1357 798 1407 tum
820 1345 965 1406 maximus
985 1344 1113 1423 capitur,

159 1459 228 1500 cum
243 1439 273 1500 in
286 1439 454 1519 proximum
469 1459 619 1518 quemque
634 1441 789 1501 confertur.

107 1532 144 1598 71
199 1537 267 1594 XX.
291 1537 335 1596 Ut
344 1534 432 1614 igitur
441 1534 476 1609 ei,
488 1534 539 1612 qui
550 1545 619 1596 sunt
628 1533 657 1595 in
670 1535 818 1596 amicitiae
829 1533 1113 1611 coniunctionisque

158 1627 377 1691 necessitudine
402 1628 576 1706 superiores,
601 1647 765 1706 exaequare
785 1649 816 1691 se
832 1649 901 1689 cum
921 1627 1113 1689 inferioribus

159 1725 289 1785 debent:
310 1722 353 1783 sic
373 1721 523 1784 inferiores
544 1742 606 1784 non
628 1725 729 1784 dolere
744 1744 776 1784 se
798 1743 816 1783 a
841 1723 902 1784 suis
923 1733 974 1784 aut
989 1721 1114 1800 ingenio

158 1830 213 1879 aut
232 1819 352 1878 fortuna
376 1827 428 1876 aut
453 1816 599 1894 dignitate
623 1817 762 1896 superari.
817 1820 953 1894 Quorum
976 1816 1113 1895 plerique

158 1922 210 1972 aut
234 1921 398 1989 queruntur
430 1930 548 1988 semper
568 1910 690 1988 aliquid,
724 1923 777 1973 aut
801 1911 890 1973 etiam
915 1913 1115 1989 exprobrant:

160 2024 257 2083 eoque
271 2003 374 2082 magis,
390 2003 415 2064 si
429 2005 538 2064 habere
554 2024 585 2064 se
600 2006 803 2082 putantquod
818 2005 950 2066 officiose
965 2016 995 2065 et
1015 2003 1114 2065 amice

159 2111 268 2162 etcum
282 2101 383 2160 labore
397 2098 498 2176 aliquo
511 2118 566 2159 suo
580 2101 691 2159 sactum
705 2113 816 2178 queant
830 2100 937 2162 dicere.
961 2100 1114 2162 Odiosum

159 2215 231 2255 sane
254 2213 348 2272 genus
373 2192 536 2267 hominum,
553 2194 651 2255 officia
674 2195 932 2272 exprobrantium:
954 2214 1031 2271 quae
1051 2215 1115 2255 me-

159 2287 280 2350 minisse
298 2290 388 2350 debet
410 2287 434 2348 is
448 2287 480 2348 in
504 2308 594 2365 quem
609 2290 718 2349 collata
738 2301 815 2365 sunt,
843 2308 905 2350 non
929 2310 1114 2352 commemo-

108 2389 146 2453 72
158 2401 221 2444 rare
242 2381 294 2461 qui
317 2381 450 2444 contulit.
494 2384 592 2460 Quam
616 2383 655 2444 ob
678 2403 741 2444 rem
761 2395 794 2444 ut
821 2383 856 2457 ei,
878 2383 929 2461 qui
945 2383 1114 2462 superiores

158 2489 236 2552 sunt,
266 2476 449 2538 summittere
477 2497 508 2537 se
535 2478 648 2538 debent
675 2476 705 2538 in
733 2477 880 2538 amicitia:
908 2477 951 2538 sic
978 2479 1113 2555 quodam
1164 2517 1165 2524 κ

159 2573 251 2634 modo
295 2570 447 2631 inferiores
482 2572 630 2632 extollere.
675 2574 750 2633 Sunt
790 2570 870 2632 enim
907 2571 1029 2649 quidam
1059 2572 1114 2649 qui

160 2669 302 2728 molestas
322 2662 466 2725 amicitias
480 2663 599 2738 faciunt,
616 2684 685 2724 cum
700 2664 756 2742 ipsi
770 2685 801 2726 se
817 2665 970 2727 contemni
984 2677 1094 2743 putant
1109 2690 1115 2727 :

159 2763 243 2840 quod
256 2779 319 2820 non
331 2760 392 2819 fere
407 2756 552 2835 contingit
564 2757 623 2819 nisi
641 2759 682 2820 eis
697 2759 749 2837 qui
768 2759 856 2821 etiam
872 2763 1113 2823 contemnendos

159 2876 191 2918 se
212 2852 405 2928 arbitrantur3
427 2851 478 2929 qui
502 2853 558 2912 hac
580 2852 721 2930 opinione
740 2873 803 2915 non
823 2855 916 2915 modo
938 2854 1035 2916 verbis
1057 2858 1114 2917 sed

108 2956 146 3019 73
159 2948 248 3012 etiam
264 2958 359 3025 'opere
377 2944 496 3007 levandi
516 2957 592 3007 sunt.
635 2949 767 3008 Tantum
787 2960 887 3010 autem
901 2948 1009 3027 cuique
1023 2949 1116 3012 tribu-

159 3045 279 3116 endum,
302 3041 431 3119 primum
455 3051 601 3118 quantum
628 3041 692 3120 ipse
718 3044 833 3104 efficere
860 3042 957 3121 possis
968 3067 977 3120 3
1000 3043 1114 3107 deinde

159 3140 249 3201 etiam
273 3141 419 3214 quantum
444 3134 501 3207 ille,
524 3156 613 3212 quem
635 3136 739 3214 diligas
758 3149 847 3215 atque
871 3137 1002 3216 adiuves,
1028 3140 1115 3201 susti—

159 3252 237 3294 nere.
281 3233 352 3292 Non
366 3228 446 3290 enim
462 3249 559 3306 neque
574 3242 606 3289 tu
622 3231 727 3308 possin,
743 3231 877 3308 quamvis
892 3232 961 3294 licet
976 3237 1112 3310 excellas,

160 3344 264 3388 omnes
302 3335 369 3385 tuos
404 3324 443 3385 ad
477 3325 606 3384 honores
633 3325 831 3402 amplissimos
867 3327 1049 3403 perducere:
1081 3340 1115 3389 ut

160 3419 258 3498 Scipio
283 3422 314 3481 P.
329 3417 496 3497 'Rupilium
520 3418 617 3496 potuit
645 3422 799 3482 consulem
834 3423 959 3496 efficere,
992 3423 1113 3485 fratrem

240 3512 264 3551 nr
