2360 3782
92 248 206 316 ors-101]
438 251 492 302 ors
508 249 683 300 auroram

90 395 156 456 vult
179 412 244 455 esse
265 413 413 472 magnum.
456 395 555 472 Quam
575 395 616 455 ob
639 412 901 473 remquamquam
925 396 1036 456 blanda
1047 393 1086 458 99

91 485 149 548 ista
162 485 285 548 'vanitas
309 487 389 570 apud
415 504 466 547 eos
489 488 576 560 valet,
588 541 589 546 ,
601 486 651 564 qui
675 485 732 564 ipsi
746 487 826 548 illam
847 489 986 548 allectant
1006 499 1035 548 et
1132 507 1134 514 ’

91 573 234 658 invitant;
255 593 354 644 tamen
376 582 465 643 etiam
485 580 631 660 gravirues
649 583 920 661 constantioresque
934 584 1035 644 admo-

90 675 183 738 nendi
210 687 287 753 sunt,
315 686 348 736 ut
374 675 610 738 animadvertant
636 695 675 737 ne
703 676 810 738 callida
836 675 1035 738 assentatione

91 768 252 848 capiantur.
295 771 405 847 Aperte
420 769 499 831 enirn
514 769 684 832 adulantem
697 789 786 832 nemo
800 790 861 831 non
875 770 963 845 videt,
979 770 1035 832 uisi

85 861 143 940 ¹qui
156 863 318 924 admodum
339 873 383 924 est
404 881 526 925 excors:
548 861 673 925 callidus
686 863 736 924 ille
751 873 781 924 et
796 865 929 924 occultus
948 884 988 925 ne
1002 884 1034 928 se

89 956 226 1032 insinuet,
249 955 380 1018 studiose
409 959 575 1026 cavendum
599 969 653 1020 est.
696 961 763 1018 Nec
791 957 869 1018 enim
896 957 1034 1020 facillime

89 1052 279 1134 agnoscitur:
304 1053 413 1133 quippe
436 1053 487 1132 qui
511 1052 600 1116 etiam
623 1053 808 1117 adversando
829 1075 918 1135 saepe
938 1075 1034 1117 assen-

90 1160 176 1223 tetur,
212 1160 242 1211 et
275 1149 386 1228 litigare
420 1169 452 1210 se
484 1147 625 1210 simulans
659 1149 844 1226 blandiatur,
876 1161 964 1228 atque
994 1153 1033 1213 ad

91 1256 254 1308 extremum
281 1247 333 1307 det
360 1265 464 1306 manus
490 1245 628 1323 vincique
655 1266 687 1309 se
714 1246 848 1325 patiatur,
871 1258 904 1308 ut
931 1246 955 1308 is
983 1247 1034 1326 qui

89 1338 194 1402 illusus
221 1339 259 1401 sit
285 1342 351 1419 plus
375 1339 484 1401 vidisse
507 1339 648 1402 videatur.
691 1340 772 1418 Quid
797 1353 895 1403 autem
922 1341 1033 1420 turpius

91 1453 181 1512 quam
202 1431 306 1494 illudi?
348 1435 439 1512 Quod
457 1444 490 1495 ut
508 1452 546 1494 ne
560 1431 677 1496 accidat
690 1432 781 1513 magis
800 1435 966 1497 cavendum
979 1446 1031 1512 est,

91 1527 169 1590 utin
184 1527 321 1606 Epiclero
335 1551 341 1588 :

199 1623 239 1684 Ut
256 1641 301 1682 me
318 1622 399 1682 hodie
417 1627 484 1682 ante
501 1639 594 1682 omna
612 1623 840 1684 comatos-stultos
859 1643 932 1684 senes

203 1719 332 1778 Versaris
350 1723 435 1794 atque
451 1719 612 1778 emunxeris
630 1718 809 1778 lautissime!

93 1812 182 1872 Haec
201 1809 280 1872 enim
301 1809 390 1872 etiam
408 1808 439 1869 in
459 1809 565 1871 fabulis
583 1809 753 1870 stultissima
769 1828 896 1888 persona
916 1819 969 1884 est,
985 1808 1107 1874 ini-100

91 1902 283 1984 providorum
317 1914 347 1964 et
374 1905 559 1984 credulorum
590 1923 702 1965 senum.
759 1905 819 1965 Sed
846 1903 947 1966 nescio
975 1922 1035 1982 quo
1154 1906 1156 1910 ’

92 2010 192 2078 pacto,
215 1998 255 2058 ab
276 1996 412 2058 amicitiis
436 1999 633 2075 perfectorum
653 1997 817 2074 hominum,
839 1998 871 2059 id
896 2009 941 2059 est
962 1996 1036 2075 sapi-

92 2091 285 2154 entium—de
298 2090 438 2153 hac-dico
453 2091 604 2170 sapientia,
626 2111 702 2171 quae
716 2093 831 2154 videtur
840 2092 872 2152 in
885 2091 1036 2156 hominem

93 2187 201 2248 cadere
214 2187 383 2264 posse-ad
402 2187 484 2247 leves
498 2184 643 2247 amicitias
657 2186 778 2247 defluxit
793 2185 894 2246 oratio
938 2188 1036 2263 Quam

93 2281 134 2342 ob
147 2299 211 2341 rem
224 2281 264 2340 ad
284 2278 334 2340 illa
347 2277 441 2356 prima
459 2279 623 2355 redeamus,
640 2298 733 2358 eaque
747 2279 811 2358 ipse
825 2281 1036 2340 concludamus

93 2373 264 2452 aliquando

134 2469 267 2528 XXVII.
289 2465 398 2540 Virtus,
409 2464 507 2542 virtus,
517 2465 647 2544 inquam,
661 2467 694 2528 C.
707 2465 802 2526 Fanni
812 2477 842 2528 et
852 2477 884 2528 tu
894 2469 929 2545 Q.
942 2468 1034 2541 Muci,

93 2572 124 2623 et
138 2561 276 2623 conciliat
290 2559 433 2622 amicitias
450 2572 481 2623 et
502 2571 674 2623 conservat:
695 2559 725 2619 in
746 2580 782 2621 ea
802 2573 847 2622 est
867 2561 947 2624 enirn
968 2582 1037 2623 con-

91 2654 242 2717 venientia
255 2674 359 2729 rerum,
374 2654 406 2714 in
419 2674 455 2715 ea
468 2653 620 2729 stabilitas,
640 2653 672 2714 in
686 2673 722 2715 ea
735 2654 908 2715 constantia.
952 2657 1036 2733 Quae

92 2769 161 2811 cum
176 2768 207 2811 se
222 2749 324 2811 extulit
338 2758 368 2810 et
382 2748 513 2810 ostendit
526 2767 611 2811 suum
632 2750 743 2824 lumen,
758 2759 788 2808 et
809 2747 889 2809 idem
902 2751 1036 2827 adspexit

92 2843 271 2922 agnovitque
285 2842 317 2904 in
330 2843 397 2918 alio,
414 2845 452 2905 ad
466 2842 498 2904 id
512 2863 544 2905 se
562 2845 703 2904 admovet
722 2841 909 2920 vicissimque
928 2843 1036 2923 accipit

89 2939 165 3000 illud
178 2939 260 3016 quod
274 2937 305 2998 in
319 2940 411 3000 altero
425 2949 478 3018 est,
494 2958 530 3000 ex
548 2957 610 3017 quo
624 2936 786 3000 exardescit
800 2937 862 2999 sive
875 2957 959 3000 amor
972 2937 1034 3000 sive

92 3032 230 3094 amicitia
287 3035 457 3110 Utrumque
486 3031 565 3096 enim
592 3032 716 3093 ductum
751 3041 796 3092 est
822 3032 861 3092 ab
888 3033 1034 3108 amand03

92 3147 193 3190 amare
219 3137 320 3189 autem
347 3127 421 3189 nihil
445 3138 490 3189 est
510 3126 599 3203 aliud,
621 3126 677 3188 nisi
699 3143 767 3187 eum
795 3125 893 3204 ipsum
914 3127 1035 3205 diligere

92 3241 184 3300 quem
211 3241 302 3296 ames,
324 3223 405 3282 nulla
432 3220 601 3301 indigentia,
623 3222 705 3282 nulla
730 3219 856 3281 utilitate
883 3221 1034 3298 quaesita:

93 3334 172 3393 quae
192 3325 293 3375 tamen
307 3313 372 3393 ipsa
386 3315 543 3376 efflorescit
563 3335 599 3376 ex
619 3312 756 3388 amicitia,
773 3311 862 3374 etiam
879 3314 903 3374 si
922 3326 954 3374 tu
969 3335 1035 3375 eam

92 3405 192 3469 minus
212 3419 330 3471 secutus
351 3406 398 3470 sis.
442 3411 512 3471 Hac
531 3427 587 3471 nos
606 3408 810 3472 adulescentes
831 3407 1037 3470 benevolentia
1051 3415 1103 3477 101

814 3504 818 3513 ¹
931 3499 956 3542 as

248 3663 267 3711 d
