2360 3782
540 217 703 270 erarius
1000 215 1102 280 [ao-or

147 373 209 422 tum
224 362 347 436 elevare,
362 373 426 423 tum
438 363 513 424 ferre
533 359 675 440 sapientis
697 371 749 422 est.
793 360 864 422 Una
877 360 927 422 illa
941 358 1103 421 subeunda

147 455 271 518 offensio
288 467 342 531 est,
357 467 390 517 ut
411 467 441 518 et
454 453 564 516 utilitas
585 455 616 515 in
634 453 766 515 amicitia
781 465 811 516 et
830 455 906 516 fides
919 453 1102 516 retineatur:

147 569 217 610 uam
231 561 261 612 et
275 549 417 611 monendi
431 549 520 610 amici
534 569 623 628 saepe
638 559 707 609 sunt
721 559 751 610 et
765 548 951 626 obiurgandi,
972 559 1002 609 et
1021 549 1103 606 haec

96 651 135 714 89
147 644 322 722 accipienda
341 643 437 706 amice
458 664 526 704 cum
547 645 693 706 benevole
714 645 796 702 fiunt.
839 645 898 704 Sed
917 641 1018 704 nescio
1037 660 1102 718 quo

146 741 240 802 modo
253 758 355 802 verum
369 751 414 802 est
429 741 511 818 quod
525 739 556 799 in
570 738 684 800 Andria
697 736 846 798 familiaris
861 757 944 799 meus
959 736 1050 799 dicit:

311 861 480 938 Obsequium
494 861 605 935 amicos,
621 860 727 920 veritas
739 857 836 919 odium
843 861 937 937 parit.

149 968 280 1028 Molesta
299 966 415 1042 veritas,
431 965 456 1027 si
478 966 599 1044 quidem
620 987 656 1028 ex
678 986 714 1028 ea
735 964 864 1026 nascitur
883 965 992 1040 odium,
1016 965 1103 1042 quod

148 1072 194 1122 est
207 1079 355 1122 venenum
369 1059 516 1122 amicitiae
530 1084 537 1121 ε
557 1063 612 1123 sed
627 1059 805 1137 obsequium
825 1061 920 1121 multo
934 1058 1101 1132 molestius,

149 1155 231 1232 quod
251 1154 381 1233 peccatis
402 1154 560 1234 indulgens
573 1153 766 1233 praecipitem
786 1153 916 1214 amicum
934 1153 1001 1214 ferri
1020 1151 1100 1212 sinit.

150 1248 284 1310 Maxima
297 1261 397 1312 autem
416 1251 504 1327 culpa
520 1251 551 1310 in
571 1268 617 1324 eo,
632 1247 683 1325 qui
704 1259 735 1308 et
755 1246 909 1310 veritatem
928 1257 1105 1325 aspernatur

150 1357 180 1407 et
198 1345 229 1406 in
247 1347 380 1407 fraudem
401 1344 547 1423 obsequio
568 1343 734 1421 impellitur.
778 1343 871 1406 Omni
891 1342 978 1422 igitur
990 1345 1048 1403 hac
1070 1341 1104 1402 in

150 1459 181 1502 re
203 1441 342 1503 habenda
364 1439 439 1500 ratio
466 1450 497 1500 et
524 1437 676 1516 diligentia
704 1449 749 1500 est
772 1437 898 1516 primum
920 1449 953 1498 ut
976 1435 1104 1498 monitio

151 1533 319 1609 acerbitate,
340 1532 451 1594 deinde
471 1544 504 1593 ut
529 1531 693 1612 obiurgatio
714 1531 895 1593 contumelia
914 1543 1019 1593 careat.
1065 1534 1103 1590 In

152 1627 296 1705 obsequio
328 1638 428 1689 autem
458 1625 612 1707 (quoniam
639 1624 820 1686 Terentiano
848 1627 940 1688 verbo
968 1627 1105 1687 lubenter

151 1720 271 1801 utimur)
286 1721 410 1782 comitas
424 1719 511 1793 adsit,
527 1717 687 1781 assentatio
708 1718 845 1781 vitiorum
860 1718 985 1780 adiutrix
998 1720 1105 1797 procul

152 1826 340 1877 amoveatur:
361 1835 437 1892 quae
451 1833 513 1876 non
527 1815 619 1874 modo
633 1812 729 1874 amico
744 1814 798 1875 sed
816 1833 854 1874 ne
874 1811 967 1875 libero
982 1811 1105 1890 quidem

153 1909 243 1988 digna
267 1920 329 1985 est3
353 1908 437 1970 aliter
460 1908 539 1970 enirn
563 1928 632 1969 cum
654 1918 787 1987 tyranno,
810 1906 896 1968 aliter
919 1927 987 1968 cum
1006 1905 1105 1968 amico

101 2003 265 2072 90vivitur.
309 2001 401 2065 Cuius
423 2013 524 2063 autem
541 2021 627 2062 aures
651 2003 769 2062 clausae
789 1999 905 2062 veritati
926 2012 1001 2073 sunt,
1019 2012 1052 2060 ut
1066 2003 1105 2061 ab

153 2097 249 2160 amico
273 2116 374 2159 verum
398 2096 500 2158 audire
528 2107 676 2174 nequeat:
697 2095 784 2156 huius
812 2097 890 2156 salus
918 2097 1106 2174 desperanda

153 2204 206 2254 est.
248 2191 360 2254 Scitum
375 2202 420 2252 est
434 2190 514 2252 enim
527 2190 600 2250 illud
615 2187 747 2263 Catonis,
763 2199 796 2249 ut
816 2189 926 2250 multa:
946 2189 1051 2249 melius
1066 2189 1105 2249 de

153 2287 330 2366 quibusdam
344 2288 468 2347 acerbos
482 2282 616 2344 inimicos
630 2282 743 2356 mereri,
756 2302 845 2361 quam
860 2303 912 2343 eos
926 2282 1038 2343 amicos
1053 2283 1106 2360 qui

154 2383 255 2442 dulces
279 2380 435 2442 videantur
445 2401 454 2453 ;
475 2377 542 2438 illos
566 2397 668 2438 verum
696 2397 786 2454 saepe
814 2375 921 2450 dicere,
948 2378 1004 2437 hos
1032 2397 1106 2436 nun-

154 2495 250 2553 quam.
288 2477 388 2551 Atque
398 2474 471 2534 illud
480 2473 649 2546 absurdum,
662 2471 744 2548 quod
758 2469 786 2530 ei
800 2469 852 2547 qui
863 2482 1023 2530 monentur
1037 2490 1105 2531 eam

154 2567 320 2632 molestiam
334 2587 423 2648 quam
438 2568 550 2627 debent
564 2585 669 2644 capere
683 2585 745 2625 non
759 2563 887 2642 capiunt,
903 2584 971 2624 eam
983 2563 1107 2642 capiunt

154 2687 214 2744 qua
234 2665 346 2726 debent
366 2682 479 2725 vacare.
524 2665 667 2724 Peccasse
692 2660 771 2722 enim
799 2680 831 2722 se
858 2680 920 2722 non
947 2671 1106 2738 anguntur,

155 2758 301 2839 obiurgari
315 2760 440 2819 moleste
460 2759 574 2818 serunt:
596 2758 677 2835 quod
691 2767 794 2819 contra
813 2756 977 2834 oportebat,
993 2755 1107 2817 delicto

155 2856 265 2928 dolere,
280 2851 461 2914 correctione
475 2851 612 2928 gaudere.

102 2954 141 3018 91
195 2950 292 3009 XXV.
316 2949 360 3008 Ut
384 2945 471 3024 igitur
494 2957 524 3006 et
545 2965 667 3007 monere
691 2957 721 3007 et
744 2943 859 3006 moneri
883 2943 1035 3022 proprium
1062 2955 1107 3004 est

155 3062 242 3104 verae
265 3039 421 3114 amicitiae,
443 3050 473 3102 et
497 3041 622 3100 alterum
650 3039 740 3101 libere
767 3041 873 3108 facere,
902 3057 964 3097 non
991 3057 1105 3116 aspere,

155 3140 279 3199 alterum
300 3135 445 3213 patienter
463 3133 606 3211 accipere,
623 3153 684 3194 non
702 3143 899 3212 repugnanter
909 3153 918 3206 3
939 3130 982 3191 sic
996 3131 1108 3192 haben-

156 3234 228 3293 dum
243 3241 296 3307 est,
311 3231 424 3290 nullam
437 3228 468 3288 in
482 3228 619 3290 amicitiis
640 3238 753 3305 pestem
768 3247 833 3288 esse
847 3226 1001 3298 maiorum,
1017 3246 1106 3303 quarn

156 3324 367 3399 adulationem,
393 3321 576 3397 blanditiam,
601 3319 849 3382 assentationem:
872 3319 1006 3398 quamvis
1028 3320 1107 3380 enirn

155 3418 256 3478 multis
270 3415 440 3480 nominibus
455 3428 500 3478 est
513 3417 572 3476 hoc
586 3413 691 3474 vitium
711 3415 876 3477 notandum
892 3413 1001 3474 levium
1015 3413 1109 3473 homi-

224 3514 248 3553 m
