2362 3742
87 281 190 346 aeuo]
355 323 358 328 .
435 281 683 334 annunciem

88 427 309 490 existimantem
336 431 374 490 ab
406 427 503 491 amico
528 448 594 490 esse
622 428 773 490 violatum.
817 429 951 489 Accedat
980 429 1090 493 hucess

88 522 219 584 suavitas
233 523 381 602 quaedam
395 534 513 604 oportet
527 543 697 586 sermonum
712 535 801 601 atque
815 543 938 597 morum,
949 523 1039 583 haud-

88 636 238 693 quaquam
271 617 422 678 mediocre
458 617 683 679 condimentum
710 616 865 679 amicitiae.
908 615 1040 677 Tristitia

86 721 189 770 autem
203 710 278 772 etin
292 711 374 772 omni
387 731 419 773 re
433 711 573 774 severitas
593 714 685 775 habet
704 711 756 772 illa
776 711 898 789 quidem
918 709 1040 789 gravita-

88 815 151 865 tem
163 826 171 880 3
186 806 240 867 sed
254 805 386 868 amicitia
399 805 548 867 remissior
562 825 627 868 esse
639 808 731 869 debet
745 817 775 868 et
784 806 910 880 liberior,
927 815 957 866 et
977 806 1040 867 dul-

86 898 151 959 cior
165 901 243 960 etad
259 919 378 960 omnem
393 899 563 961 comitatem
576 899 805 978 facilitatemque
819 897 983 978 proclivior.

124 995 208 1053 XIX.
217 993 339 1054 Exsistit
348 1005 448 1054 autem
459 995 518 1055 hoc
528 995 596 1056 loco
606 996 755 1072 quaedam
766 993 899 1071 quaestio
911 992 1040 1054 subdiffi-
1053 999 1091 1062 67

88 1086 172 1147 cilis:
193 1107 264 1149 num
286 1089 407 1164 quando
421 1087 507 1148 amici
521 1088 601 1163 novi,
630 1088 712 1167 digni
732 1087 870 1163 amicitia,
892 1087 1039 1150 veteribus

89 1180 148 1242 sint
177 1182 389 1260 anteponendi,
420 1194 453 1243 ut
484 1183 568 1260 equis
588 1183 694 1244 vetulis
719 1195 837 1245 teneros
858 1195 1039 1261 anteponere

88 1277 227 1337 solemus.
265 1277 395 1356 Indigna
408 1277 530 1339 homine
544 1277 698 1340 dubitatio.
747 1281 818 1338 Non
834 1276 913 1338 enirn
927 1279 1040 1339 debent

88 1391 155 1431 esse
177 1370 378 1448 amicitiarum,
401 1371 476 1433 sicut
496 1371 619 1433 aliarum
639 1391 744 1447 rerum,
760 1371 926 1434 satietates:
948 1383 1040 1433 veter-

88 1463 163 1526 rima
172 1478 356 1544 quaeque,ut
364 1487 401 1528 ea
410 1465 479 1528 vina
487 1487 564 1544 quae
574 1477 753 1528 vetustatem
762 1468 940 1544 fenmt,esse
948 1468 1040 1530 debet

87 1559 270 1635 suavissima,
299 1580 460 1639 verumque
492 1560 563 1622 illud
593 1572 639 1622 est
665 1562 748 1638 quod
770 1559 885 1635 dicitur,
913 1563 1039 1623 ‘multos

88 1653 208 1715 modios
235 1653 303 1715 salis
331 1654 419 1715 simul
447 1655 581 1717 edendos
609 1643 675 1716 esse
699 1666 732 1716 ut
753 1654 901 1716 amicitiae
931 1674 1039 1717 munus

88 1750 241 1826 expletum
263 1749 319 1810 sit?
361 1749 518 1811 Novitates
528 1760 629 1811 autem
648 1749 673 1810 si
687 1769 771 1827 spem
785 1752 911 1812 afferunt
925 1761 959 1811 ut
979 1761 1040 1812 tan·
1052 1751 1092 1814 68

88 1863 180 1920 quam
194 1843 224 1904 in
239 1843 338 1904 herbis
352 1862 414 1905 non
428 1843 582 1906 fallacibus
596 1845 708 1906 fructus
722 1855 872 1922 appareat,
889 1864 951 1906 non
971 1857 1040 1906 sunt

86 1938 156 1998 illae
170 1937 293 2014 quidem
307 1938 529 2016 repudiandae3
551 1947 682 2000 vetustas
697 1949 797 1999 tamen
811 1959 867 2000 suo
881 1941 950 2000 loco
972 1959 1040 2000 con-

86 2033 241 2106 servanda,
251 2031 380 2092 maxima
388 2043 433 2094 est
447 2034 527 2093 enim
537 2032 581 2094 vis
595 2032 749 2094 vetustatis
764 2044 794 2094 et
805 2033 1036 2096 consuetudinis.

87 2126 172 2203 Quin
197 2127 285 2188 etiam
309 2127 338 2187 in
362 2127 427 2204 ipso
448 2146 535 2204 equo,
559 2127 644 2188 cuius
664 2127 757 2188 modo
773 2127 830 2188 feci
848 2127 1038 2203 mentionem,

86 2221 111 2281 si
134 2222 216 2282 nulla
236 2241 282 2281 res
304 2221 456 2298 impediat,
482 2240 572 2282 nemo
594 2231 639 2282 est
659 2221 732 2299 quin
749 2240 786 2282 eo
805 2240 867 2299 quo
887 2221 1041 2283 consuevit

86 2314 229 2375 libentius
244 2321 350 2388 utatur,
368 2334 458 2392 quam
479 2313 634 2376 intractato
649 2325 679 2375 et
699 2334 788 2376 novo.
831 2318 897 2376 Nec
917 2333 988 2376 vero
1010 2315 1040 2374 in

11 2407 16 2414 “
87 2411 148 2470 hoc
161 2409 244 2486 quod
259 2420 304 2471 est
317 2408 436 2483 animal,
449 2410 504 2470 sed
519 2409 549 2468 in
564 2409 598 2469 iis
613 2408 703 2470 etiam
724 2399 802 2486 quae
820 2423 889 2470 sunt
911 2408 1041 2471 inanima

87 2505 278 2566 consuetudo
291 2505 390 2565 valet:
412 2523 481 2565 cum
495 2503 569 2566 locis
583 2503 654 2582 ipsis
668 2505 858 2577 delectemur,
875 2504 1041 2566 montuosis

88 2599 180 2660 etiam
194 2610 225 2660 et
239 2598 433 2673 silvestribus,
443 2597 473 2657 in
487 2597 597 2675 quibus
612 2597 725 2658 diutius
739 2598 914 2660 commorati
929 2619 1039 2661 sumus.
1054 2599 1094 2662 69

130 2695 191 2755 Sed
218 2693 381 2754 maximum
406 2702 452 2754 est
474 2691 504 2752 in
527 2691 658 2752 amicitia
681 2710 782 2769 parem
811 2712 876 2754 esse
903 2692 1039 2755 inferiori.

87 2791 186 2868 Saepe
201 2788 280 2850 enim
301 2786 493 2849 excellentiae
508 2788 655 2863 quaedam
666 2797 743 2861 sunt,
759 2786 855 2864 qualis
869 2798 932 2848 erat
952 2788 1042 2866 Scipi-

87 2884 155 2945 onis
181 2883 211 2943 in
230 2893 332 2944 nostro
355 2892 388 2942 ut
411 2881 453 2942 ita
476 2880 574 2942 dicam
595 2899 689 2959 grege.
734 2883 907 2958 Numquam
936 2901 969 2943 se
992 2882 1041 2943 ille

88 2978 186 3052 Philo,
199 2996 363 3053 numquam
373 2974 504 3053 Rupilio,
516 2994 680 3052 numquam
699 2974 848 3035 Mummio
862 2975 1041 3053 anteposuit,

88 3091 256 3150 numquam
277 3069 420 3131 inferioris
442 3069 553 3130 ordinis
573 3068 691 3130 amicis:
723 3070 760 3144 Q.
783 3089 854 3130 vero
876 3069 1042 3130 Maximum

76 3151 216 3239 itanum,
233 3164 382 3243 egregium
396 3163 490 3224 virum
501 3162 634 3239 omnino,
653 3162 709 3224 sibi
723 3182 912 3241 nequaquam
931 3183 1040 3241 parem,

89 3261 175 3340 quod
195 3259 220 3320 is
241 3257 374 3320 anteibat
396 3268 501 3329 aetate,
524 3267 677 3332 tamquam
702 3255 893 3334 superiorem,
915 3258 1041 3332 colebat,

90 3373 222 3432 suosque
256 3371 361 3414 omnes
385 3371 440 3431 per
460 3371 491 3412 se
514 3370 578 3412 esse
599 3351 757 3429 ampliores
778 3353 907 3413 volebat.
950 3354 1043 3429 Quod
1057 3359 1096 3422 70

89 3450 262 3511 iaciendum
281 3446 517 3522 imitandumque
532 3457 578 3506 est
595 3445 742 3518 omnibus,
759 3457 792 3506 ut
813 3441 942 3524 siquam
963 3467 1044 3525 prae-

936 3539 961 3580 rs
