2362 3742
102 280 148 342 aa,
162 278 210 343 ao]
285 329 289 340 ,
453 277 508 331 nn
524 277 701 332 AMICITIA

102 449 336 528 aequalibusque
369 449 471 511 amicis
500 449 673 512 derelictum
711 449 896 512 videbamus.
950 454 992 512 At
1016 454 1051 514 C.

103 543 236 606 Blossius
265 547 426 618 Cumanus,
456 545 566 622 hospes
594 542 721 605 familiae
749 555 871 636 vestrae,
901 546 1052 618 Scaevola,

103 657 171 697 cum
185 639 225 699 ad
238 658 295 714 me,
312 641 395 716 quod
408 639 528 700 aderam
550 638 674 699 Laenati
687 650 718 699 et
739 637 861 716 Rupilio
883 638 1054 699 consulibus
1137 669 1142 672 ·

104 731 135 791 in
151 731 288 807 consilio,
305 733 500 811 deprecatum
515 732 653 804 venisset,
667 733 746 792 hanc
760 744 793 792 ut
803 731 858 792 sibi
873 731 1055 810 ignoscerem

103 845 225 886 causam
240 829 388 902 afferebat,
411 829 493 905 quod
519 827 593 888 tanti
617 826 662 886 Ti.
687 827 855 887 Gracchum
877 826 1001 902 fecisset,
1024 839 1056 889 ut

103 918 251 998 quidquid
268 919 320 981 ille
334 923 423 983 vellet
447 920 504 982 sibi
525 921 696 982 faciendum
716 932 858 999 putaret·
885 925 963 982 Tum
981 942 1056 1000 ego:
1092 971 1095 976 -
1157 979 1159 988 ,

105 1013 264 1074 ‘Etiamne
275 1013 300 1074 si
311 1026 340 1075 te
354 1013 385 1075 in
398 1015 579 1094 Capitolium
594 1017 672 1076 faces
685 1016 760 1076 ferre
774 1017 864 1076 vellet
874 1017 903 1076 P'
946 1020 992 1077 ‘N
994 1038 1056 1077 um·

104 1108 213 1185 quam'
235 1106 340 1186 inquit,
364 1108 522 1170 ‘voluisset
550 1108 581 1170 id
607 1109 747 1187 quidem:
773 1111 827 1170 sed
852 1109 878 1170 si
902 1109 1055 1185 voluisset,

103 1200 288 1279 paruissem!
329 1201 446 1264 Videtis
461 1223 551 1280 quam
564 1203 676 1265 nefaria
688 1209 770 1265 vox!
811 1205 850 1264 Et
872 1203 993 1266 hercule
1014 1204 1056 1265 ita
1084 1267 1085 1274 ,

103 1295 182 1372 fecit,
196 1297 245 1357 vel
269 1298 338 1374 plus
361 1295 451 1357 etiarri
476 1317 566 1375 quam
591 1297 684 1359 dixit:
706 1297 864 1358 nonenim
885 1295 982 1374 paruit
1005 1298 1055 1360 ille

102 1388 151 1450 Ti.
182 1391 309 1450 Gracchi
337 1390 493 1453 temeritati
519 1393 574 1454 sed
610 1391 742 1470 praefuit,
771 1412 828 1453 nec
856 1412 887 1452 se
916 1392 1056 1454 comitem

105 1482 183 1544 illius
197 1483 301 1546 furoris
324 1486 377 1546 sed
404 1486 511 1547 ducem
535 1485 678 1563 praebuit.
722 1488 829 1562 Itaque
850 1485 907 1545 hac
927 1486 1057 1547 amentia

106 1578 280 1657 quaestione
294 1599 373 1641 nova
393 1579 560 1659 perterritus
575 1579 606 1640 in
620 1579 723 1640 Asiam
737 1579 882 1658 profugit:
903 1580 942 1641 ad
956 1581 1056 1642 hostes

105 1693 138 1733 se
168 1673 301 1748 contulit,
328 1695 442 1753 poenas
470 1673 512 1736 rei
534 1673 671 1753 publicae
698 1694 800 1753 graves
821 1674 972 1752 iustasque
995 1695 1058 1753 per·

109 1766 205 1828 solvit
250 1770 341 1830 Nulla
362 1781 408 1831 est
421 1768 509 1848 igitur
522 1769 672 1833 excusatio
687 1767 810 1847 peccati,
826 1768 850 1828 si
868 1769 955 1830 amici
969 1789 1058 1830 causa

105 1861 293 1941 peccaveris3
325 1883 394 1925 nam
438 1873 507 1925 cum
542 1862 723 1926 conciliatrix
764 1861 910 1924 amicitiae
944 1863 1057 1925 virtutis

107 1957 210 2036 opinio
224 1959 318 2033 fuerit,
334 1958 453 2020 difficile
475 1970 520 2019 est
540 1957 700 2018 amicitiam
724 1975 844 2019 manere
868 1957 892 2018 si
914 1979 932 2018 a
952 1957 1057 2019 virtute

108 2051 262 2113 defeceris.
305 2054 396 2128 Quod
421 2053 446 2114 si
470 2064 582 2114 rectum
605 2051 791 2113 statuerimus
815 2054 863 2112 vel
891 2053 1056 2114 concedere
1070 2052 1108 2119 38

108 2144 210 2206 amicis
235 2144 382 2223 quidquid
406 2144 506 2220 velint,
530 2147 577 2206 vel
599 2145 755 2223 impetrare
782 2147 821 2207 ab
846 2144 888 2207 eis
911 2146 1056 2224 quidquid

108 2239 232 2299 velimus
244 2259 253 2314 3
266 2241 397 2318 perfecta
411 2239 532 2317 quidem
547 2238 693 2317 sapientia
707 2239 732 2300 si
746 2239 845 2312 simus,
860 2239 935 2299 nihil
948 2241 1057 2301 habeat

107 2350 154 2394 res
177 2333 247 2394 vitii.
290 2335 351 2396 Sed
375 2333 523 2412 loquimur
544 2336 583 2396 de
599 2333 641 2396 eis
667 2334 770 2394 amicis
794 2335 844 2412 qui
869 2345 938 2396 aute
953 2337 1055 2397 oculos

109 2439 187 2501 sunt,
203 2447 278 2505 quos
292 2427 428 2491 videmus
447 2441 498 2490 aut
511 2431 550 2491 de
565 2429 672 2506 quibus
691 2428 864 2489 memoriam
878 2429 1055 2508 accepimus,

110 2541 186 2600 quos
221 2522 303 2584 novit
335 2523 397 2584 vita
434 2523 618 2585 communisr
654 2543 690 2583 ex
717 2525 776 2584 hoc
813 2537 936 2584 numero
969 2524 1057 2586 nobis

109 2617 245 2694 exempla
266 2619 410 2680 sumenda
432 2630 508 2693 sunt,
531 2629 561 2680 et
584 2637 686 2678 eorum
705 2617 826 2695 quidem
848 2617 983 2694 maxime,
1006 2620 1058 2697 qui

108 2713 149 2772 ad
184 2707 360 2790 sapientiam
395 2712 527 2790 proxime
555 2713 710 2774 accedunt.
766 2711 910 2774 Videmus
944 2717 1058 2792 Papum
1071 2717 1109 2786 39

109 2804 271 2866 Aemilium
299 2805 429 2867 Luscino
463 2805 645 2866 familiarem
663 2803 752 2867 fuisse
788 2805 843 2887 (sic
878 2827 896 2867 a
926 2808 1058 2886 patribus

108 2899 301 2981 accepimus),
316 2900 362 2962 bis
381 2920 440 2961 una
461 2902 606 2976 consules,
629 2903 757 2979 collegas
779 2900 810 2960 iu
832 2916 974 2980 censura,
996 2915 1059 2964 tum

110 3004 140 3054 et
155 3013 224 3054 cum
239 2993 280 3054 eis
296 3005 325 3054 et
346 2993 421 3056 iuter
441 3015 472 3055 se
487 2993 745 3056 coniunctissimos
760 2994 848 3056 fuisse
860 2998 911 3056 Μ’.
937 2998 1058 3059 Curium

108 3088 156 3149 Ti.
181 3087 400 3152 Coruncanium
428 3088 588 3150 memoriae
621 3089 771 3166 proditum
797 3102 851 3150 est.
894 3090 986 3170 igitur
1020 3113 1058 3153 ne

110 3181 254 3261 suspicari
268 3182 390 3260 quidem
403 3202 562 3261 possumus
577 3202 758 3261 quemquam
778 3185 884 3244 horum
905 3187 943 3246 ab
961 3187 1058 3249 amico

110 3275 266 3355 quippiam
280 3276 478 3352 contendisse,
504 3278 587 3354 quod
608 3289 711 3338 contra
730 3279 821 3338 fidem
846 3290 949 3339 contra
973 3279 1061 3341 iusiu-

110 3372 238 3432 randum
252 3381 356 3432 contra
376 3391 439 3431 rem
453 3370 603 3448 publicam
625 3382 709 3432 esset
754 3374 833 3432 Nam
857 3373 916 3434 hoc
939 3374 1059 3452 quidem

111 3466 143 3526 in
158 3465 266 3527 talibus
280 3464 348 3526 viris
363 3465 436 3543 quid
450 3463 555 3527 attinet
575 3465 684 3536 dicere,
699 3465 724 3527 si
741 3466 943 3529 contendisset
968 3468 1059 3548 impe-

956 3563 980 3602 rs
