2360 3782
66 251 166 314 74-701
421 254 476 301 na
492 253 668 304 AMICITIA

67 399 131 460 eius
146 400 273 461 Lucium
287 421 349 461 non
369 400 473 478 potuit.
518 402 610 478 Quod
633 401 657 461 si
677 401 767 462 etiam
789 401 886 478 possis
905 371 1021 478 quidvis
1068 403 1070 414 '

65 495 181 556 deferre
196 496 235 557 ad
257 497 391 570 alterum,
407 494 571 557 videndum
586 506 631 556 est
645 507 746 557 tamen
764 495 838 574 quid
860 495 910 556 ille
927 494 1022 573 possit

67 590 220 652 sustinere.
265 590 398 653 Omnino
413 590 559 652 amicitiae
574 589 770 653 corroboratis
791 591 851 651 iam
872 593 1023 651 confirma-
1037 591 1075 655 ⁷4

68 684 168 765 tisque
190 696 220 746 et
234 685 362 765 ingeniis
386 698 416 748 et
442 685 589 748 aetatibus
617 685 796 746 iudicandae
818 695 896 761 sunt,
921 704 978 747 nec
998 682 1023 744 si

69 779 122 857 qui
135 780 258 843 ineunte
272 791 370 842 aetate
385 779 515 843 venandi
524 790 585 840 ‘aut
598 779 676 858 pilae
691 779 816 842 studiosi
831 781 954 853 fuerunt,
971 797 1023 839 eos

68 875 181 936 habere
211 875 403 951 necessarios,
429 895 505 953 quos
533 885 597 934 tum
621 876 729 936 eodem
752 873 852 935 studio
873 872 1024 952 praeditos

68 967 241 1030 dilexerunt
286 971 350 1030 Isto
371 969 450 1030 enirn
464 970 557 1030 modo
571 967 699 1029 nutrices
724 979 754 1029 et
774 965 938 1046 paedagogi
952 965 1025 1040 iure;

68 1062 224 1124 vetustatis
261 1063 422 1141 plurimum
460 1062 687 1126 benevolentiae
726 1065 939 1145 postulabunt:
974 1060 1025 1138 qui

67 1155 245 1235 neglegendi
268 1156 390 1234 quidem
414 1177 477 1219 non
500 1168 578 1231 sunt,
603 1157 658 1218 sed
681 1156 740 1218 alio
762 1158 894 1234 quodam
922 1156 1023 1216 modo.

67 1251 166 1313 Aliter
186 1251 333 1314 amicitiae
356 1252 475 1314 stabiles
499 1271 671 1330 permanere
695 1271 757 1312 non
781 1261 915 1329 possunt.
960 1249 1025 1311 Dis-

69 1365 157 1424 pares
185 1345 265 1408 enim
293 1365 392 1407 mores
419 1345 546 1424 disparia
574 1346 673 1407 studia
693 1357 864 1423 sequuntur,
899 1364 1024 1422 quorum

70 1439 283 1503 dissimilitudo
307 1439 449 1502 dissociat
471 1439 635 1501 amicitias:
657 1460 713 1502 nec
734 1442 774 1502 ob
794 1439 883 1500 aliam
904 1458 1024 1500 causam

70 1536 164 1594 ullam
192 1533 265 1596 boni
292 1533 443 1612 improbis,
482 1533 610 1614 improbi
638 1533 724 1596 bonis
751 1533 839 1595 amici
868 1553 932 1595 esse
963 1552 1024 1595 non

70 1639 208 1706 possunt,
223 1627 281 1688 nisi
302 1631 385 1706 quod
408 1640 491 1690 tanta
515 1640 561 1690 est
584 1628 661 1690 inter
685 1648 746 1703 eos,
769 1640 880 1706 quanta
899 1627 1026 1689 maxima

71 1734 172 1802 potest
186 1743 259 1796 esse,
275 1743 392 1784 morum
407 1723 632 1802 studiorumque
646 1723 792 1786 distantia.
826 1727 922 1785 Recte
935 1724 1024 1784 etiam
1038 1730 1075 1793 75

72 1817 204 1897 praecipi
234 1829 334 1896 potest
355 1818 386 1879 in
414 1817 560 1893 amicitiis,
589 1839 627 1880 ne
655 1817 850 1898 intemperata
877 1820 1024 1897 quaedam

73 1912 289 1988 benevolentia,
312 1915 395 1991 quod
409 1934 551 1994 persaepe
572 1915 612 1989 fit,
635 1913 779 1992 impediat
803 1934 923 1993 magnas
951 1913 1026 1976 utili·

71 2017 147 2067 tates
180 2006 355 2068 amicorum.
398 2010 465 2069 Nec
494 2007 582 2083 enirn,
615 2019 648 2068 ut
679 2009 718 2070 ad
749 2010 864 2070 fabulas
895 2009 1023 2083 redeam,
1096 2051 1098 2058 -

71 2101 194 2164 Troiam
214 2104 431 2181 Neoptolemus
453 2123 557 2182 capere
585 2102 739 2180 potuisset,
762 2102 786 2164 si
813 2104 1024 2182 Lycomedem,

72 2197 154 2274 apud
168 2216 259 2274 quem
273 2209 336 2258 erat
350 2199 502 2274 educatus,
516 2197 616 2258 multis
631 2218 701 2258 cum
717 2197 843 2259 lacrimis
864 2198 919 2258 iter
939 2218 1026 2258 suum

72 2291 286 2370 impedientem
300 2292 403 2354 audire
424 2291 584 2368 voluisset,
605 2303 635 2354 et
650 2312 738 2369 saepe
750 2291 886 2353 incidunt
900 2311 1025 2370 magnae

71 2407 119 2450 res
135 2398 168 2448 ut
181 2386 399 2449 discedendum
413 2386 451 2448 sit
461 2389 500 2448 ab
522 2386 634 2463 amicis,
650 2407 724 2464 quas
738 2385 790 2464 qui
804 2385 948 2464 impedire
962 2388 1026 2448 vult

72 2481 158 2558 quod
187 2479 368 2543 desiderium
394 2500 457 2541 non
484 2480 571 2542 facile
601 2482 682 2555 serat,
711 2479 736 2541 is
764 2491 795 2540 et
822 2479 953 2540 infirmus
981 2492 1026 2542 est

73 2573 233 2651 mollisque
254 2585 360 2636 natura
380 2586 410 2635 et
431 2576 471 2636 ob
493 2595 559 2636 eam
580 2573 676 2653 ipsam
698 2593 818 2634 causam
843 2572 874 2634 in
897 2573 1026 2636 amicitia
1040 2562 1078 2625 76

73 2689 181 2750 parum
209 2670 311 2732 iustus.
355 2670 457 2747 Atque
478 2668 509 2729 in
537 2669 620 2730 omni
645 2690 676 2731 re
700 2668 952 2731 considerandum
981 2680 1026 2731 est

73 2777 105 2826 et
127 2763 200 2841 quid
219 2765 352 2843 postules
373 2766 412 2824 ab
438 2763 544 2838 amic0,
566 2775 597 2824 et
621 2763 695 2843 quid
712 2763 825 2842 patiare
846 2784 864 2824 a
884 2774 913 2824 te
935 2762 1025 2842 impe·

72 2859 153 2922 trari.
1013 2856 1019 2868 '

115 2956 202 3016 XXI.
225 2955 281 3016 Est
295 2953 384 3020 etiam
398 2955 546 3031 quaedam
568 2951 720 3014 calamitas
734 2951 765 3013 in
779 2951 915 3014 amicitiis
929 2951 1026 3015 dimit·

71 3050 173 3112 tendis
186 3068 412 3126 nonnumquam
427 3047 611 3110 necessaria:
632 3047 692 3109 iam
707 3047 787 3108 enim
808 3068 826 3108 a
848 3045 1025 3126 sapientium

72 3143 323 3208 familiaritatibus
337 3146 376 3206 ad
392 3146 529 3223 vulgares
556 3143 707 3204 amicitias
732 3143 827 3206 oratio
848 3146 1028 3206 nostradela·

72 3241 161 3303 bitur.
206 3241 375 3316 Erumpunt
399 3259 488 3317 saepe
512 3237 583 3299 vitia
604 3237 776 3314 amicorum,
802 3249 866 3300 turn
894 3237 925 3298 in
946 3239 1027 3317 ipsos

71 3335 194 3408 amicos,
207 3346 271 3394 tum
284 3332 315 3393 in
330 3332 450 3407 alienos,
462 3352 588 3411 quorum
599 3345 700 3394 tamen
710 3335 749 3394 ad
758 3332 869 3394 amicos
880 3334 1027 3396 redundet

70 3429 200 3492 infamia.
259 3429 348 3489 Tales
378 3427 466 3506 igitur
492 3427 640 3488 amicitiae
666 3439 735 3488 sunt
757 3427 930 3490 remissione
956 3449 1026 3491 usus

922 3521 948 3568 27
