2360 3782
58 246 104 306 87,
118 245 166 310 88]
411 248 466 302 DE
482 246 658 297 AMICITIA

60 391 202 467 sentiunt,
218 392 286 452 etei
301 393 351 469 qui
373 393 412 453 ad
434 411 495 452 rem
516 392 668 468 publicam
682 411 713 453 se
728 395 925 465 contulerunt,
940 404 969 454 et
983 393 1011 454 ei

59 485 110 562 qui
131 506 228 546 rerum
249 487 421 564 cognitione
436 487 632 563 doctrinaque
650 486 844 560 delectantur,
860 499 890 548 et
911 488 938 549 ei
959 487 1011 565 qui

58 600 147 640 snum
168 581 322 659 negotium
342 593 448 659 gerunt
468 580 564 654 otiosi,
581 592 732 659 postremo
753 580 781 643 ei
805 582 856 658 qui
877 602 909 642 se
931 594 1011 644 totos

57 675 243 736 tradiderunt
257 676 469 754 voluptatibus,
483 676 546 736 sine
561 675 693 736 amicitia
705 676 796 736 vitam
811 696 875 737 esse
889 677 1009 750 nullam,

57 769 82 827 si
104 769 197 830 modo
210 770 303 830 velint
323 770 423 847 aliqua
444 779 577 847 exparte
596 769 753 830 liberaliter
766 771 871 831 vivere.
915 770 1011 848 Serpit
1024 774 1063 838 87

57 862 140 923 enim
161 864 263 925 nescio
284 883 344 942 quo
367 865 459 927 modo
480 884 533 941 per
555 864 688 924 omnium
704 864 779 924 vitas
800 863 939 936 amicitia,
954 884 1012 926 nec

57 959 149 1018 ullam
174 958 279 1020 aetatis
301 959 456 1036 degendae
477 957 623 1018 rationem
644 957 753 1034 patitur
774 978 839 1018 esse
860 970 1011 1036 expertem

58 1051 111 1111 sui.
158 1052 238 1129 Quin
254 1053 342 1114 etiam
357 1053 381 1113 si
396 1052 461 1130 quis
476 1052 633 1129 asperitate
654 1072 690 1113 ea
710 1064 754 1113 est
775 1065 805 1113 et
826 1053 1010 1116 immanitate

57 1159 189 1222 naturae,
219 1168 393 1226 congressus
420 1158 453 1208 ut
480 1146 635 1207 hominum
662 1147 753 1224 fugiat
780 1157 870 1224 atque
905 1149 1008 1222 oderit,
1063 1168 1065 1172 ·

57 1243 180 1317 qualem
193 1241 281 1302 fuisse
292 1241 418 1303 Athenis
429 1241 589 1302 Timonem
603 1240 705 1301 nescio
720 1260 809 1318 quem
823 1242 1010 1321 accepimus;

57 1346 160 1396 tamen
182 1336 206 1396 is
227 1333 288 1414 pati
309 1355 371 1394 non
392 1334 487 1412 possit
504 1345 613 1395 utnon
627 1334 764 1411 anquirat
777 1333 915 1411 aliquem,
930 1337 1010 1413 apud

57 1449 150 1505 quem
164 1441 284 1491 evomat
298 1430 376 1490 virus
390 1428 559 1490 acerbitatis
573 1449 652 1490 suae.
696 1432 796 1506 Atque
810 1431 869 1489 hoc
882 1430 1010 1490 maxime

56 1523 239 1585 indicaretur
258 1524 284 1584 si
305 1523 378 1600 quid
399 1525 458 1584 tale
471 1534 573 1601 posset
586 1523 767 1601 contingere,
783 1534 817 1584 ut
835 1523 941 1601 aliquis
955 1544 1010 1585 nos

56 1620 134 1679 deus
149 1639 185 1680 ex
205 1622 262 1679 hac
282 1619 438 1678 hominum
452 1618 617 1696 frequentia
631 1619 746 1679 tolleret
761 1617 836 1678 etin
850 1618 1011 1680 solitudine

56 1712 175 1790 uspiam
197 1714 365 1785 collocaret,
381 1723 471 1788 atque
493 1711 534 1771 ibi
555 1711 749 1789 suppeditans
766 1710 901 1771 omnium
914 1731 1011 1772 rerum

56 1827 132 1883 quas
153 1817 257 1867 natura
278 1805 429 1866 desiderat
449 1804 665 1866 abundantiam
687 1815 717 1864 et
738 1803 865 1882 copiam,
882 1805 1011 1866 hominis

57 1900 182 1961 omnino
197 1899 384 1976 adspiciendi
398 1909 578 1975 potestatem
593 1897 725 1976 eriperet.
770 1896 846 1974 Quis
858 1909 918 1958 tam
933 1911 1012 1960 esset

56 1998 168 2056 ferreus
190 1994 241 2071 qui
263 2013 329 2055 eam
343 1993 434 2053 vitam
455 1994 528 2053 ferre
550 2003 659 2068 posset,
675 1991 782 2068 cuique
803 2011 865 2052 non
886 1993 1011 2054 auferret

57 2094 186 2152 fructum
214 2091 402 2167 voluptatum
430 2088 563 2148 omnium
594 2087 750 2148 solitudo?
799 2089 913 2148 Verum
940 2109 1011 2168 ergo
1024 2096 1063 2159 88

57 2186 133 2245 illud
159 2196 212 2258 est,
242 2185 368 2260 quoda
395 2181 559 2242 Tarentino
584 2181 722 2259 Archyta,
752 2194 785 2240 ut
811 2181 925 2258 opinor,
951 2183 1010 2243 dici

57 2279 179 2340 solitum
206 2288 323 2338 nostros
358 2295 445 2336 senes
477 2293 709 2335 commemorare
738 2274 839 2335 audivi
873 2278 911 2336 ab
946 2276 1010 2336 aliis

56 2374 178 2434 senibus
202 2371 357 2432 auditum:
385 2369 410 2429 si
438 2368 503 2445 quis
531 2369 561 2428 in
590 2369 705 2428 caelum
725 2367 909 2430 ascendisset
929 2381 1011 2430 natu-

55 2486 181 2544 ramque
202 2465 307 2525 mnndi
329 2475 359 2524 et
379 2461 629 2541 pulchritudinem
651 2460 782 2522 siderum
802 2461 1009 2541 perspexisset,

55 2563 213 2622 insuavem
228 2561 309 2620 illam
323 2557 551 2619 admirationem
566 2556 593 2616 ei
607 2558 687 2616 sore:
709 2575 785 2632 qnae
799 2555 1011 2619 iucundissima

54 2656 169 2728 suisset,
196 2654 221 2714 si
243 2653 375 2730 aliquem
397 2651 445 2712 cui
467 2663 597 2711 narraret
620 2649 781 2710 habuisset.
833 2650 883 2712 Sic
906 2662 1011 2713 natura

55 2749 221 2811 solitarium
245 2747 318 2807 nihil
345 2757 433 2819 amat,
460 2764 637 2822 semperque
658 2744 697 2804 ad
722 2742 844 2821 aliquod
868 2755 1010 2823 tanquam

53 2844 273 2907 adminiculum
306 2840 471 2903 adnititur:
507 2841 589 2918 quod
624 2839 654 2899 in
682 2837 862 2900 amicissimo
891 2860 1011 2920 quoqne

53 2939 263 3002 dulcissimum
285 2948 337 2998 est.

96 3036 216 3094 XXIV.
238 3033 299 3093 Sed
312 3050 382 3090 cum
392 3040 438 3091 tot
452 3027 541 3106 signis
556 3027 662 3088 eadem
676 3037 780 3086 natura
794 3027 925 3092 declaret
938 3031 1010 3108 qnid

53 3130 136 3203 velit,
160 3126 305 3205 anquirat,
327 3124 476 3186 desideret
487 3147 496 3199 3
530 3134 631 3182 tamen
649 3121 888 3183 obsurdescimus
908 3124 1010 3187 nescio

53 3244 118 3302 quo
139 3223 243 3295 modu,
265 3239 323 3281 nec
343 3240 379 3280 ea
401 3237 477 3295 quae
495 3219 534 3277 ab
549 3237 585 3276 ea
599 3235 755 3276 monemur
768 3215 914 3277 audimus.
956 3221 1011 3280 Est

55 3319 138 3380 enim
148 3315 247 3376 varius
262 3325 291 3376 et
302 3313 456 3390 multiplex
469 3331 540 3372 usus
555 3309 712 3382 amicitiae,
724 3310 893 3388 multaeque
905 3332 1010 3374 causae

55 3411 263 3491 suspicionum
284 3407 544 3483 offensionumque
572 3407 698 3466 dantur:
722 3424 795 3480 quas
816 3416 880 3466 tum
902 3407 1011 3470 evitare

457 3497 461 3508 ·
906 3498 930 3539 n
