2362 3742
69 248 163 314 12-14]
418 245 667 301 nanrurcrrm

67 413 185 478 delevit.
230 411 311 489 Quid
325 411 424 474 dicam
437 415 476 475 de
490 413 621 479 moribus
635 413 788 488 facillimis,
805 416 843 476 de
857 415 967 493 pietate
988 415 1019 479 in

67 518 199 581 matrem,
215 507 388 570 liberalitate
403 507 433 568 in
448 528 570 584 sororeS,
586 508 719 570 bonitate
733 508 764 570 in
777 529 854 585 suos,
864 509 975 572 iustitia
988 511 1019 574 in

68 604 194 664 omnes?
236 605 318 663 Nota
340 612 409 663 sunt
431 603 524 664 vobis.
566 605 664 680 Quam
686 614 785 665 autem
805 604 917 666 civitati
935 626 1018 668 carus

64 698 160 780 suerit,
183 694 315 760 maerore
336 698 444 761 funeris
463 698 626 760 iudicatum
648 711 699 762 est
738 701 820 776 Quid
839 701 926 780 igitur
937 704 1018 764 hunc

65 813 228 873 paucorum
242 813 386 856 annornm
400 793 532 856 accessio
553 795 653 858 iuvare
667 794 835 873 potuisset?
876 800 1017 859 Senectus

65 887 146 951 enirn
174 887 309 969 quamvis
330 908 391 949 non
411 888 448 949 sit
468 887 573 966 gravis,
587 900 621 950 ut
640 888 763 949 memini
778 891 925 951 Catonern
938 911 1017 951 anno

63 995 134 1047 ante
150 1002 239 1065 quam
253 994 298 1044 est
311 994 442 1044 mortuus
457 1003 574 1044 mecum
588 995 700 1044 etcum
714 983 852 1062 Scipione
866 984 1016 1059 disserere,

63 1091 166 1142 tanren
193 1080 287 1139 aufert
308 1098 374 1139 earn
395 1077 582 1152 viriditatem,
606 1077 637 1138 in
665 1098 724 1160 qua
742 1077 831 1139 etiam
852 1099 932 1139 nunc
956 1091 1018 1140 erat

63 1172 174 1251 Scipio.
219 1174 317 1251 Quam
332 1174 371 1234 ob
385 1192 447 1234 rem
465 1169 527 1233 vita
547 1171 668 1250 quidem
689 1172 755 1234 talis
773 1173 827 1234 fuit
841 1174 888 1234 vel
902 1176 1019 1236 fortuna
1031 1169 1069 1236 12

63 1270 113 1328 vel
141 1265 242 1350 gloria,
272 1277 304 1327 ut
330 1265 405 1326 nihil
433 1277 534 1344 posset
561 1265 1017 1343 accedere31noriundiautem

63 1381 186 1426 sensum
201 1360 334 1422 celeritas
354 1359 483 1422 abstulit.
526 1361 596 1436 Quo
610 1361 649 1421 de
662 1379 769 1438 genere
783 1361 885 1422 mortis
899 1362 1017 1426 difficile

63 1456 148 1517 dictu
164 1467 229 1531 est3
250 1455 323 1533 quid
341 1454 477 1516 homines
498 1453 690 1533 suspicentur,
707 1453 820 1516 videtis.
864 1459 936 1518 Hoc
949 1447 1017 1520 v'ere

62 1557 166 1616 tame‘n
180 1550 251 1612 licet
264 1549 372 1624 dicere,
393 1552 425 1610 P.
446 1548 578 1627 Scipioni
597 1569 633 1610 ex
648 1549 747 1610 multis
762 1549 875 1625 diebus,
891 1571 967 1629 quos
986 1551 1017 1614 in

62 1646 127 1710 vita
161 1643 367 1707 celeberrimos
401 1642 637 1722 laetissimosque
671 1643 785 1720 viderit,
820 1643 902 1709 illum
936 1646 1017 1707 diem

63 1739 259 1800 clarissimum
273 1737 370 1814 fuisse,
386 1757 454 1798 cunr
475 1748 579 1798 senatu
602 1736 724 1798 dimisso
742 1739 865 1799 domum
878 1740 1017 1800 reductus

63 1836 104 1895 ad
119 1853 274 1912 vesperum
298 1843 341 1893 est
355 1841 373 1892 'a
386 1833 519 1910 patribus
538 1829 720 1909 conscriptis,
735 1834 848 1910 populo
868 1835 1014 1908 Romano,

66 1927 158 1992 sociis
170 1939 200 1990 et
214 1927 337 2001 Latinis,
355 1925 450 2004 pridie
471 1946 561 2004 quam
582 1926 707 1987 excessit
721 1947 738 1987 e
752 1926 832 1988 vita:
852 1937 885 1988 nt
905 1947 942 1988 ex
955 1940 1016 1988 tam

64 2026 128 2084 alto
157 2021 307 2100 dignitatis
334 2021 426 2099 gradu
448 2021 488 2080 ad
510 2039 631 2098 superos
655 2018 789 2083 videatur
813 2023 886 2084 deos
908 2021 1015 2102 potine,

65 2138 157 2199 qnam
171 2119 210 2178 ad
224 2117 340 2190 inferos,
356 2114 532 2196 pervenisse.

105 2215 160 2275 IV.
183 2214 291 2289 Neque
305 2209 384 2272 enirn
395 2208 539 2271 assentior
552 2208 602 2283 eis,
616 2208 666 2288 qui
680 2210 755 2271 haec
768 2231 862 2289 nuper
875 2201 1016 2273 disserere
1031 2202 1068 2266 13

67 2317 238 2386 coeperunt,
254 2326 322 2367 cum
344 2304 516 2384 corporibus
540 2303 626 2365 simul
644 2304 758 2366 animos
777 2305 903 2381 interire,
927 2317 1016 2384 atque

65 2402 167 2464 omnia
180 2413 275 2463 morte
286 2399 385 2462 deleri.
417 2401 487 2460 Plus
501 2399 582 2477 apud
595 2419 643 2460 me
657 2398 845 2476 antiquorum
859 2401 1017 2464 auctoritas

63 2500 165 2560 valet:
185 2499 233 2557 vel
250 2506 417 2556 nostrorum
436 2493 581 2555 maiorum
601 2492 652 2571 qui
670 2494 793 2558 mortuis
807 2507 868 2556 tam
882 2495 1017 2574 religiosa

63 2593 127 2654 iura
146 2591 317 2664 tribuerunt,
339 2590 423 2668 quod
446 2609 509 2650 non
532 2587 671 2649 fecissent
690 2590 824 2665 profecto
844 2588 869 2649 si
887 2589 959 2650 nihil
978 2591 1016 2652 ad

63 2708 116 2749 eos
131 2685 279 2764 pertinere
300 2683 527 2760 arbitrarentur,
548 2685 596 2746 vel
617 2703 720 2744 eorum
742 2683 793 2761 qui
813 2683 845 2744 in
865 2685 922 2745 hac
943 2697 1018 2747 terra

61 2785 189 2855 fuerunt,
205 2799 401 2858 magnamque
415 2777 579 2852 Graeciam,
600 2797 676 2856 quae
690 2798 770 2840 nunc
785 2779 905 2856 quidem
919 2781 1018 2842 deleta

61 2888 115 2950 est,
133 2887 205 2935 tunc
217 2875 350 2946 florebat,
370 2871 509 2933 institutis
524 2882 554 2932 et
572 2871 739 2950 praeceptis
755 2871 815 2933 suis
830 2872 999 2934 erudierunt
1008 2898 1017 2950 3

60 2972 110 3032 vel
125 2968 188 3030 eius
203 2966 254 3046 qui
267 2963 415 3046 Apollinis
426 2967 547 3028 oraculo
556 2964 788 3042 sapientissimus
803 2975 848 3026 est
861 2965 1015 3041 iudicatus,

61 3063 114 3143 qui
140 3083 201 3124 non
223 3073 285 3124 tum
303 3063 362 3142 hoc
384 3073 447 3124 tum
469 3059 549 3133 illud,
576 3069 610 3120 ut
627 3059 661 3118 ln
682 3058 839 3137 plerisque,
863 3062 917 3121 sed
936 3059 1017 3122 idem

61 3177 188 3238 semper,
212 3156 327 3217 animos
351 3155 504 3216 hominum
528 3173 593 3215 esse
616 3153 742 3227 divinoS,
769 3153 870 3232 eisque
892 3175 960 3214 cnm
981 3177 1018 3216 ex

62 3272 188 3332 corpore
200 3249 394 3313 excessissent
407 3249 534 3309 reditum
549 3247 580 3307 in
594 3250 710 3308 caelum
722 3259 831 3324 patere,
844 3248 1018 3327 optimoque

63 3362 92 3412 et
107 3345 267 3408 iustissimo
282 3342 389 3421 cuique
404 3340 668 3420 expeditissimum.
690 3342 781 3417 Quod
796 3340 876 3402 idem
887 3339 1018 3421 Scipioni
1031 3341 1069 3403 14

61 3443 237 3506 videbatur:
258 3436 444 3517 quiquidem
466 3436 550 3514 quasi
570 3433 755 3512 praesagiret,
771 3435 927 3512 perpaucis
948 3449 1017 3499 ante

925 3529 936 3567 t
