2362 3742
81 299 135 372 as]
331 284 332 288 '
421 300 475 360 aa
492 301 665 362 ansermi

35 475 37 478 ’
117 479 154 536 Il.
177 479 330 537 Firmus.
374 478 448 538 Sunt
466 475 530 551 ista,
548 475 632 538 Laeli
643 498 652 552 3
673 495 729 536 nec
744 475 824 536 enim
846 475 950 538 melior
974 473 1017 536 vir
1050 471 1069 532 6

79 571 127 633 fuit
139 573 276 634 Africano
291 571 447 651 quisquam
458 593 514 634 nec
523 573 634 634 clarior.
677 573 737 634 Sed
748 571 913 634 existimare
924 575 1017 635 debes
1082 585 1084 594 ’

80 667 204 728 omnium
220 669 323 728 oculos
337 667 368 727 in
383 680 412 729 te
428 688 492 730 esse
507 668 661 728 coniectos
674 687 786 728 unum:
808 680 837 729 te
852 668 1016 746 sapientem

80 774 106 822 et
119 765 265 840 appellant
279 774 309 823 et
330 762 506 824 existimant.
550 761 750 823 Tribuebatur
772 763 831 824 hoc
855 765 948 825 modo
971 766 1015 824 M.

79 857 197 931 Catoni3
222 856 332 918 scimus
348 860 382 916 L.
396 856 529 916 Acilium
543 858 625 934 apud
647 868 745 934 patres
759 868 877 919 nostros
891 859 1019 936 appella-

78 962 136 1010 tum
155 971 218 1012 esse
247 951 429 1029 sapientem3
450 951 504 1012 sed
526 962 649 1028 uterque
672 950 730 1012 alio
755 952 885 1028 quodam
908 952 1018 1013 modo:

70 1043 182 1106 Acilius
198 1043 267 1122 quia
286 1045 415 1122 prudens
430 1065 495 1105 esse
516 1044 546 1104 in
571 1043 632 1105 iure
657 1043 735 1104 civili
759 1048 925 1122 putabatur,
941 1049 1018 1108 Cato

77 1138 143 1216 quia
156 1140 312 1199 multarum
326 1158 421 1198 rerum
441 1159 526 1198 usum
548 1139 687 1199 habebat.
730 1139 828 1199 Multa
849 1139 912 1200 eius
937 1150 966 1201 et
988 1139 1018 1199 in

74 1244 174 1293 senatu
189 1243 218 1294 et
231 1232 262 1292 in
273 1235 337 1292 foro
347 1235 394 1292 vel
405 1232 523 1310 provisa
536 1233 697 1310 prudenter
708 1233 754 1293 vel
769 1245 835 1293 acta
849 1245 1019 1295 constanter

74 1329 120 1388 vel
129 1346 269 1405 responsa
279 1338 364 1388 acute
377 1329 545 1389 ferebantur
558 1349 563 1386 :
584 1337 741 1404 propterea
754 1327 837 1404 quasi
852 1347 1019 1406 cognomen

73 1421 131 1481 iam
157 1423 288 1482 habebat
315 1421 346 1481 in
374 1431 525 1482 senectute
554 1419 711 1499 Sapientis
759 1424 804 1482 Te
832 1433 932 1482 autem
959 1423 1018 1484 alio

74 1518 205 1593 quodam
229 1517 331 1590 modo,
354 1535 415 1575 non
440 1517 536 1578 solum
558 1526 662 1576 natura
691 1526 721 1576 et
748 1507 887 1588 moribus,
917 1534 1018 1577 verum

73 1611 161 1672 etiam
189 1611 288 1673 studio
316 1622 346 1671 et
383 1581 519 1671 doctriira
556 1630 621 1671 esse
658 1609 831 1688 sapientem,
858 1629 915 1672 nec
944 1612 1019 1672 sicut

13 1751 14 1754 ,
72 1708 183 1784 vulgus,
220 1707 274 1766 sed
309 1715 342 1764 ut
385 1703 490 1766 eruditi
525 1706 622 1766 solent
655 1705 804 1782 appellare
843 1704 1016 1783 sapientem,

72 1801 189 1875 qualem
210 1798 241 1858 in
268 1798 381 1876 reliqua
404 1796 529 1859 Graecia
551 1796 709 1872 neminem,
727 1797 808 1879 (nam
833 1798 884 1876 qui
905 1811 1018 1878 septem
1053 1804 1071 1866 7

71 1896 265 1972 appellantur,
288 1891 412 1969 eosqui
435 1891 491 1952 ista
515 1891 649 1953 subtilius
676 1903 821 1969 quaerunt
843 1891 874 1952 in
895 1912 1019 1954 numero

70 1987 249 2066 sapientium
259 2007 321 2047 non
331 1986 465 2067 habent),
475 1986 602 2047 Athenis
615 2006 708 2046 unum
719 1985 895 2064 accepimus,
910 2000 939 2048 et
951 2005 1019 2049 eum

71 2083 194 2160 quidem
215 2076 313 2142 etiamr
325 2080 472 2160 Apollinis
494 2082 613 2142 oraculo
638 2079 887 2158 sapientissimum
911 2081 1020 2144 iudica=

70 2187 134 2238 tum
146 2200 152 2237 :
173 2178 251 2236 hanc
265 2187 334 2236 esse
340 2174 374 2234 'in
388 2186 418 2236 te
433 2173 606 2252 sapientiam
622 2173 797 2250 existimant,
809 2185 841 2235 ut
856 2176 957 2236 omnia
970 2183 1021 2238 tua

68 2269 100 2330 in
136 2282 165 2331 te
201 2268 298 2347 posita
332 2289 397 2329 esse
432 2269 523 2329 ducas
558 2270 763 2346 humanosque
802 2288 887 2330 casus
914 2270 1020 2332 virtute

66 2363 222 2424 inferiores
237 2373 331 2440 putes.
376 2365 482 2439 Itaque
505 2383 541 2422 ex
561 2382 610 2423 me
631 2373 784 2440 quaerunt,
800 2365 890 2424 credo
912 2384 949 2424 ex
962 2367 1020 2426 hoc

65 2459 141 2520 item
166 2460 318 2533 Scaevola,
343 2473 475 2535 quonam
503 2470 591 2535 pacto
626 2469 752 2519 mortem
775 2458 905 2518 Africani
927 2461 1020 2522 feras:

66 2573 168 2632 eoque
193 2553 286 2632 magis
309 2555 391 2631 quod
415 2551 555 2634 proximis
581 2551 687 2626 Nonis,
713 2572 782 2613 cum
804 2551 835 2612 in
856 2554 958 2615 hortos
980 2559 1018 2616 D.

64 2649 154 2709 Bruti
169 2647 284 2726 auguris
299 2645 520 2710 commentandi
535 2667 632 2720 causa,
648 2657 681 2708 ut
694 2647 811 2719 assolet,
828 2647 1018 2725 venissemus,

62 2755 97 2804 tu
112 2763 179 2804 non
194 2740 309 2815 affuisti,
330 2740 381 2818 qui
400 2739 624 2818 diligentissime
644 2761 760 2818 semper
781 2740 864 2802 illurn
886 2741 966 2803 diem
991 2752 1020 2804 et

60 2837 143 2898 illud
158 2856 265 2896 munus
282 2834 384 2896 solitus
399 2854 478 2894 esses
493 2833 583 2895 obiter
1023 2832 1025 2840 ’

105 2935 280 2994 Sennvoun
326 2932 480 3005 Quaemnt
500 2929 631 3007 quidem,
647 2923 681 2990 c.
705 2927 796 3003 Laeli,
813 2929 906 3004 inulti,
922 2938 955 2992 ut
976 2943 1020 2994 est
1054 2939 1072 3000 8

57 3048 78 3087 a
95 3024 218 3086 Fannio
232 3023 352 3085 dlctumr
395 3025 455 3084 Sed
469 3040 525 3102 ego
546 3022 578 3084 id
594 3024 762 3098 respondeo
784 3025 866 3100 quod
888 3024 1020 3086 animum

55 3118 192 3193 adverti
208 3131 237 3179 te
252 3115 395 3193 dolorem,
411 3137 499 3194 quem
513 3116 662 3194 acceperis
677 3133 744 3176 cum
759 3117 866 3178 summi
880 3117 932 3179 viri
957 3130 1020 3180 tum

53 3213 241 3276 amicissimi
268 3224 371 3287 morte,
406 3214 480 3273 ferre
508 3213 680 3274 moderate:
713 3226 772 3272 nec
799 3212 930 3290 potuisse
958 3225 1020 3276 fioll

52 3307 260 3383 commoveri,
288 3328 346 3369 nec
372 3306 460 3368 fuisse
495 3306 527 3367 id
562 3304 751 3367 humanitatis
788 3318 864 3369 tuae.
928 3311 1020 3386 Quod

52 3416 169 3466 autem
201 3401 297 3463 Nonis
329 3401 360 3462 in
395 3399 520 3478 collegio
548 3411 649 3462 nostro
676 3419 751 3461 non¹
773 3401 923 3478 siluisses,
944 3406 1020 3466 vale-

51 3499 206 3562 tudinem
248 3496 416 3574 respondeo
452 3514 581 3570 causam,
611 3514 673 3556 non
707 3493 887 3556 maestitiam
921 3497 1018 3560 fuisse.

927 3589 939 3626 3
