2360 3782
81 221 183 288 aare]
427 177 482 271 oa
498 219 673 272 anselm

80 388 155 428 num
171 377 260 446 atque
279 365 434 438 fallacium,
450 366 488 426 ad
509 367 692 426 voluntatem
712 365 896 444 loquentium
917 365 1025 441 omnia,

80 461 155 522 nihil
176 463 216 522 ad
234 459 395 522 veritatem.
440 462 517 522 Cum
534 469 632 520 autem
654 458 788 520 omnium
802 479 897 520 rerum
912 459 1028 521 simula·
1039 473 1078 537 99
1167 525 1168 534 χ

81 553 125 617 tio
139 555 246 616 vitiosa
261 565 305 614 est
320 553 408 635 (tollit
422 553 501 614 enim
515 552 656 614 iudicium
677 553 740 615 veri
753 553 845 632 idque
859 553 1025 634 adulterat),

82 660 147 710 turn
168 647 315 709 amicitiae
335 657 479 726 repugnat
499 647 647 708 maxime:
668 649 748 708 delet
762 647 842 708 enirn
863 647 1024 720 veritatem,

83 741 147 802 sine
161 761 220 818 qua
232 761 343 802 nomen
357 739 503 801 amicitiae
517 743 614 801 valere
633 760 695 801 non
715 751 821 819 potest.
864 743 893 800 N
895 762 944 801 am
958 760 1026 801 cum

82 835 230 898 amicitiae
254 835 298 896 vis
321 835 358 896 sit
381 835 412 895 in
440 855 484 910 e0,
505 845 537 896 ut
564 855 639 896 unus
664 835 748 914 quasi
775 836 890 896 animus
913 839 965 898 fiat
991 855 1028 896 ex

83 932 225 1016 pluribuS,
240 933 291 1013 qui
304 933 336 995 id
349 933 411 995 fieri
424 933 539 1012 poterit,
556 934 581 994 si
594 953 632 995 ne
646 933 677 994 in
691 954 751 995 uno
767 933 888 1012 quidem
907 953 1027 1012 quoque

48 1107 51 1114 1
84 1050 159 1090 unus
184 1032 300 1091 animus
325 1027 378 1089 erit
401 1027 541 1106 idemque
562 1047 685 1106 semper,
709 1029 762 1090 sed
782 1028 878 1090 varius
898 1048 1029 1089 commu·

84 1124 181 1186 tabilis
206 1123 380 1202 multiplex?
421 1122 501 1200 Quid
520 1121 598 1183 enim
619 1134 717 1201 potest
732 1143 798 1184 esse
819 1134 879 1184 tam
900 1121 1027 1184 flexibile
1040 1131 1080 1195 93

84 1232 147 1281 tam
162 1219 289 1293 devium,
305 1237 394 1295 quam
409 1216 522 1277 animus
535 1216 597 1277 eius
612 1217 662 1294 qui
676 1220 715 1279 ad
730 1217 846 1279 alterius
860 1237 922 1278 non
936 1218 1028 1278 modo

85 1334 205 1375 sensum
227 1334 263 1374 ac
287 1314 475 1385 voluntatem,
492 1311 545 1373 sed
569 1310 658 1380 etiarn
675 1314 789 1373 vultum
813 1323 901 1392 atque
924 1321 1028 1374 nutum

85 1400 288 1470 convertitur?
332 1461 333 1466 ,
424 1462 427 1469 .

101 1517 111 1524 ·
125 1507 222 1580 Negat
229 1505 301 1580 quis,
313 1521 397 1579 nega·
417 1503 467 1576 ait,
479 1503 525 1561 aa
534 1525 544 1562 :
556 1509 696 1580 postremo
705 1502 845 1580 imperavi
851 1508 950 1580 egomet
958 1503 1033 1564 mitt

130 1599 237 1660 Omnia
249 1598 396 1670 assentari,

85 1703 118 1753 ut
140 1690 181 1752 ait
205 1689 284 1753 idern
307 1687 482 1750 Terentius:
504 1691 556 1750 sed
577 1688 626 1750 ille
650 1687 681 1749 in
706 1688 874 1750 Gnathonis
894 1709 1027 1768 persona,
1115 1728 1119 1734 ι

85 1788 169 1864 quod
183 1785 270 1846 amici
292 1804 384 1863 genus
405 1783 545 1845 adhibere
560 1782 683 1845 omnino
702 1782 830 1845 levitatis
844 1795 897 1845 est.
939 1784 1031 1846 Multi
1040 1783 1083 1846 ‘94

83 1890 185 1941 autem
210 1881 403 1940 Gnathonum
427 1877 537 1956 similes
559 1897 626 1938 cum
648 1877 707 1938 sint
728 1879 796 1940 loco
817 1879 933 1939 fortuna
953 1880 1031 1938 fama

84 1972 257 2051 superiores,
279 1975 384 2034 horum
405 1983 450 2033 est
470 1971 630 2032 assentatio
647 1973 781 2048 molesta,
805 1992 873 2032 cum
894 1973 933 2033 ad
953 1973 1032 2034 vani-

85 2078 178 2128 tatem
193 2065 316 2155 accessit
329 2064 495 2128 auctoritas.
538 2065 657 2126 Secerni
667 2076 767 2127 autem
778 2067 906 2128 blandus
920 2067 1031 2129 amicus
1043 2067 1081 2131 et

84 2182 104 2222 a
117 2180 189 2223 vero
203 2171 233 2222 et
246 2159 405 2221 internosci
419 2171 480 2221 tam
502 2169 601 2236 potest
619 2158 753 2220 adhibita
766 2159 925 2238 diligentia,
941 2181 1031 2240 quam

86 2255 189 2316 omnia
201 2257 300 2316 fucata
315 2265 344 2315 et
359 2253 495 2314 simulata
509 2272 527 2313 a
547 2252 667 2314 sinceris
681 2263 770 2332 atque
784 2253 868 2314 veris
911 2255 1029 2331 Contio,

85 2370 163 2427 quae
177 2370 214 2410 ex
227 2347 449 2426 imperitissimis
469 2358 592 2422 constat,
608 2359 707 2409 tamen
726 2347 855 2410 iudicare
869 2351 945 2411 solet
959 2349 1031 2428 quid

85 2443 199 2504 intersit
221 2442 296 2504 inter
317 2443 498 2520 popularem,
521 2440 554 2504 id
575 2452 621 2502 est
643 2453 856 2503 assentatorem
882 2455 911 2505 et
934 2446 1031 2506 levem

86 2537 191 2610 civem,
208 2548 238 2597 et
251 2536 326 2598 inter
340 2546 534 2609 constantem,
551 2555 685 2596 severum
703 2547 733 2596 et
745 2557 873 2614 gravem.
909 2527 1031 2616 ¹Quibus
1044 2553 1083 2617 99

86 2629 238 2691 blanditiis
253 2631 286 2692 C.
311 2629 443 2707 Papirius
464 2648 558 2706 nuper
578 2628 720 2690 influebat
733 2629 764 2690 in
778 2651 861 2691 aures
876 2631 1030 2708 contionis,

86 2744 155 2785 cum
169 2725 256 2786 ferret
269 2724 366 2801 legem
380 2725 419 2784 de
434 2722 557 2783 tribunis
571 2722 666 2800 plebis
680 2723 846 2785 reficiendis
860 2729 865 2785 !
889 2725 1033 2788 Dissuasi·

86 2839 152 2879 mus
166 2837 231 2894 nos,
246 2819 301 2878 sed
314 2817 387 2878 nihil
406 2818 444 2878 de
465 2837 533 2877 me:
553 2817 592 2878 de
612 2816 751 2894 Scipione
772 2818 871 2879 dicam
884 2819 1029 2882 libentius.

86 2916 207 2990 Quanta
233 2911 348 2973 illi—di
378 2911 559 2972 immortales
574 2911 675 2972 l-fuit
701 2912 835 2990 gravitas,
865 2928 974 2992 quanta
1001 2915 1032 2976 in

86 3006 221 3068 oratione
245 3004 401 3066 maiestas:
423 3016 456 3066 ut
472 3004 558 3072 facile
576 3006 683 3065 ducem
698 3006 802 3084 populi
817 3009 955 3085 Romani,
971 3030 1032 3071 non

85 3100 228 3161 comitem
243 3099 375 3160 diceres!
416 3098 476 3160 Sed
486 3097 617 3174 affuistis,
633 3109 662 3160 et
677 3099 766 3159 estin
780 3100 917 3163 manibus
928 3103 1030 3164 oratio

85 3199 194 3273 Itaque
221 3196 269 3280 lex
302 3192 452 3272 popularis
487 3192 627 3271 suffragiis
661 3195 765 3272 populi
798 3197 951 3274 repudiata
978 3211 1030 3261 est.

85 3295 188 3367 Atque
202 3299 236 3348 ut
255 3289 294 3348 ad
315 3307 363 3349 me
387 3289 514 3361 redeam,
531 3285 713 3364 meministis,
730 3291 767 3366 Q.
788 3289 923 3353 Maximo
947 3294 1033 3356 fratre

85 3380 235 3462 Scipionis
256 3392 286 3443 et
307 3383 340 3444 L.
358 3379 501 3443 Mancino
522 3380 701 3458 consulibus,
718 3402 807 3460 quam
824 3385 973 3462 popularis
988 3389 1035 3449 lex

590 3491 613 3532 Β
931 3478 956 3518 sa
