2362 3742
95 295 188 359 «aa-51]
443 297 497 346 na
514 295 690 346 Anserem

96 459 184 517 saepe
203 439 368 516 capiendus
387 449 440 512 est,
464 459 527 499 non
548 449 664 498 tantum
685 440 764 499 valet
785 451 817 501 ut
842 440 926 500 tollat
948 459 963 499 e
984 439 1045 498 vita

94 534 269 595 amicitiam:
290 554 353 595 non
371 536 438 612 plus
456 555 545 612 quam
571 545 603 594 ut
630 534 760 608 virtutes
790 535 860 614 quia
887 536 1044 596 nonnullas

95 649 176 688 curas
191 640 221 690 et
235 630 386 690 molestias
400 631 534 703 afferunt,
549 628 748 706 repudientur.

135 726 220 783 XIV.
243 726 321 786 Cum
342 735 442 784 autem
464 724 618 784 contrahat
637 721 807 796 amicitiam,
824 734 856 784 ut
873 743 960 802 supra
973 721 1043 794 dixi,

95 815 201 894 siqua
225 817 400 899 significatio
422 815 537 877 virtutis
565 817 681 878 eluceat
704 817 743 876 ad
768 836 858 892 quam
886 837 917 877 se
942 815 1045 877 similis

95 911 211 972 animus
238 911 368 990 applicet
393 922 422 972 et
449 911 614 990 adiungat3
648 910 680 970 id
708 931 777 970 cum
805 911 935 990 contigit,
963 931 1046 972 amor

95 1006 241 1069 exoriatur
261 1027 383 1068 necesse
406 1017 457 1067 est.
502 1007 584 1082 Quid
603 1005 683 1068 enim
702 1017 764 1067 tam
779 1009 941 1067 absurdum
956 1027 1045 1084 quam
1058 1020 1097 1083 49

95 1101 235 1162 delectari
255 1101 355 1161 multis
377 1099 515 1161 inanibus
536 1103 632 1175 rebus,
648 1112 680 1161 ut
701 1102 824 1176 honore,
842 1111 875 1162 ut
897 1101 997 1180 gloria,
1014 1112 1046 1162 ut

96 1195 241 1272 aedificio,
261 1206 294 1256 ut
307 1195 414 1267 vestitu
437 1197 579 1272 cultuque
601 1194 730 1272 corporis
740 1217 749 1269 3
767 1195 918 1256 animante
940 1195 1046 1256 virtute

95 1291 239 1370 praedito
263 1311 301 1352 eo
322 1291 373 1368 qui
395 1292 443 1350 vel
465 1311 565 1353 amare
585 1291 632 1352 vel
654 1300 688 1351 ut
710 1290 751 1350 ita
772 1289 871 1350 dicam
894 1291 1046 1352 redamare

95 1386 196 1464 possit,
212 1406 274 1447 non
288 1387 452 1446 admodum
466 1384 628 1446 delectarit
663 1383 746 1445 Nihil
761 1396 805 1446 est
819 1385 899 1446 enim
913 1405 1047 1447 remune-

95 1480 209 1542 ratione
222 1479 457 1553 benevolentiae‚
473 1477 546 1539 nihil
560 1477 763 1539 vicissitudine
777 1479 942 1540 studiorum
958 1479 1047 1540 offici·

96 1595 239 1652 omnique
266 1572 432 1634 iucundius
489 1572 597 1647 Quid?
631 1571 655 1632 si
682 1571 756 1632 illud
781 1571 870 1632 etiam
899 1573 1044 1649 addimus,
1059 1577 1099 1640 50

96 1671 177 1747 quod
199 1678 279 1731 recte
294 1669 364 1731 addi
383 1679 490 1746 potest,
505 1667 578 1728 nihil
594 1688 658 1730 esse
673 1669 754 1744 quod
769 1667 809 1728 ad
823 1688 855 1729 se
876 1689 938 1729 rem
956 1670 1047 1729 ullam

95 1774 156 1826 tam
178 1762 280 1823 illiciat
304 1774 334 1823 et
358 1764 485 1823 attrahat
508 1782 597 1840 quam
622 1763 661 1822 ad
681 1761 841 1822 amicitiam
861 1761 1047 1824 similitudo:

94 1859 277 1919 concedetur
297 1859 431 1934 profecto
449 1876 551 1918 verum
570 1876 634 1917 esse
655 1867 688 1916 ut
710 1859 806 1916 bonos
825 1856 898 1917 boni
914 1857 1044 1935 diligant,

94 1950 322 2028 adsciscantque
346 1951 403 2011 sibi
417 1951 502 2028 quasi
521 1950 740 2028 propinquitate
762 1950 937 2012 coniunctos
955 1964 1045 2029 atque

94 2057 208 2108 natura.
265 2045 348 2106 Nihil
371 2056 416 2106 est
439 2045 518 2106 enim
543 2044 732 2122 appetentius
754 2044 892 2106 similium
920 2046 965 2106 sui
989 2067 1046 2108 nec

94 2141 230 2219 rapacius
245 2139 335 2219 quam
350 2151 461 2200 natura.
489 2141 588 2215 Quam
602 2142 642 2200 ob
656 2159 718 2200 rem
732 2140 790 2200 hoc
805 2139 933 2216 quidem,
950 2143 1045 2201 Fanni

95 2246 126 2298 et
148 2237 300 2309 Scaevola,
316 2245 433 2296 constet
454 2245 487 2294 ut
509 2233 622 2311 opinor,
640 2232 728 2294 bonis
747 2232 823 2294 inter
843 2235 940 2294 bonos
962 2255 1035 2313 quas

96 2313 293 2390 necessariam
327 2326 575 2400 benevolentiam,
605 2325 656 2404 qui
684 2337 729 2387 est
756 2325 903 2389 amicitiae
934 2330 999 2388 fons
1027 2350 1046 2389 a

94 2435 201 2485 natura
215 2422 399 2484 constitutus.
444 2423 503 2483 Sed
518 2423 622 2482 eadem
643 2419 761 2482 bonitas
780 2421 870 2482 etiam
890 2423 929 2482 ad
950 2424 1046 2484 multi-

94 2518 231 2580 tudinem
246 2517 379 2595 pertinet
424 2519 496 2576 Non
516 2515 595 2577 enim
610 2525 655 2576 est
669 2514 829 2575 inhumana
842 2515 933 2576 virtus
947 2537 1045 2594 neque

93 2611 235 2674 immunis
256 2632 354 2690 neque
376 2613 510 2689 superba,
534 2631 610 2688 quae
633 2609 723 2670 etiam
744 2611 872 2688 populos
894 2609 1045 2674 universos
1146 2613 1150 2619 ’

94 2709 171 2770 tueri
194 2707 296 2785 eisque
318 2706 430 2784 optime
452 2706 607 2766 consulere
628 2706 740 2765 soleat:
762 2705 845 2782 quod
861 2725 923 2766 non
937 2708 1046 2768 faceret

92 2805 238 2882 profect0,
264 2800 289 2862 si
311 2821 330 2860 a
352 2799 471 2861 caritate
496 2796 575 2876 volgi
598 2800 776 2859 abhorreret.
827 2801 928 2877 Atque
956 2799 1046 2862 etiam
1059 2816 1095 2877 51

92 2897 168 2958 mihi
191 2895 312 2975 quidem
336 2895 481 2968 videntur,
506 2893 557 2971 qui
578 2892 710 2954 utilitatis
734 2913 824 2954 causa
842 2895 957 2973 fingunt
976 2885 1062 2957 ami?

93 2991 188 3066 citias,
218 2988 462 3050 amabilissimum
489 2988 603 3048 nodum
631 2985 778 3048 amicitiae
810 2988 922 3048 tollere.
974 2992 1043 3051 Non

92 3086 176 3148 enim
198 3095 260 3146 tam
282 3082 392 3145 utilitas
415 3093 499 3160 parta
520 3102 573 3160 per
594 3081 721 3143 amicum
743 3101 833 3159 quam
854 3081 942 3142 amici
962 3104 1046 3145 amor

92 3183 159 3260 ipse
174 3181 310 3252 delectat,
332 3190 453 3255 tumque
475 3176 548 3236 illud
568 3178 601 3237 fit
615 3177 697 3254 quod
711 3178 750 3236 ab
764 3175 861 3236 amico
876 3188 920 3237 est
934 3179 1046 3253 profec-

91 3289 159 3338 tum
180 3275 344 3335 iucundum
366 3272 390 3332 si
411 3291 479 3332 cum
494 3269 592 3331 studio
607 3282 652 3331 est
665 3271 830 3349 profectum
843 3293 854 3330 :¹
870 3281 1046 3350 tantumque

91 3375 181 3432 abest
195 3379 228 3428 ut
241 3367 388 3428 amicitiae
403 3377 524 3444 propter
533 3364 727 3443 indigentiam
746 3367 889 3438 colantur,
905 3376 938 3425 ut
953 3365 980 3426 ei
995 3368 1046 3443 qui

92 3465 205 3544 opibus
219 3474 250 3524 et
263 3461 365 3540 copiis,
380 3460 569 3538 maximeque
583 3459 697 3534 virtute,
710 3458 740 3519 in
755 3478 815 3537 qua
827 3459 987 3536 plurimum
1002 3473 1047 3522 est

940 3551 967 3592 19
