2362 3742
568 273 732 338 manus
766 245 773 262 ’
1049 275 1117 350 prr

214 456 362 531 Luscius.
406 457 502 514 Recte
523 465 554 514 tu
574 451 705 531 quidem,
720 455 872 529 Scaevola,
888 465 918 514 et
938 474 1013 515 vere.
1056 456 1120 514 Nec

175 545 254 606 enim
268 549 307 608 ab
321 547 379 609 isto
394 545 500 621 officio,
517 549 598 625 quod
620 566 738 625 semper
750 545 888 625 usurpavi
902 568 971 607 curn
985 548 1118 618 valerem,

119 631 138 694 9
174 641 284 702 abduci
304 641 496 704 incommodo
517 662 585 703 meo
611 640 721 718 debui3
740 662 796 702 nec
820 643 882 703 ullo
907 662 980 703 casu
1000 640 1121 702 arbitror

174 735 233 796 hoc
261 736 409 798 constanti
432 734 545 797 homini
572 755 661 812 posse
695 735 874 814 contingere,
899 748 933 798 ut
956 737 1016 797 nlla
1037 735 1121 796 inter-

175 828 277 890 missio
291 832 342 891 fiat
363 829 458 891 officii.
502 832 550 890 Tu
571 841 679 903 autem,
696 829 799 905 Fanni,
816 831 897 908 quod
922 829 994 890 mibi
1009 840 1121 890 tantum

175 922 264 984 tribui
278 922 361 1000 dicis,
377 935 521 1002 quantum
536 944 592 1000 ego
614 945 672 984 nec
692 944 823 1003 agnosco
838 944 894 985 nec
908 925 1034 1002 postulo,
1050 923 1121 984 sacis

174 1017 290 1079 amice:
311 1021 365 1080 sed
378 1030 411 1079 ut
424 1016 496 1078 mihi
510 1017 627 1093 videris,
643 1037 705 1078 non
719 1028 798 1079 recte
814 1017 926 1079 iudicas
941 1019 979 1079 de
995 1020 1119 1080 Catone.

173 1115 235 1172 Aut
249 1111 328 1174 enirn
342 1133 441 1188 nemo,
461 1114 543 1192 quod
558 1111 680 1191 quidem
701 1112 794 1190 magis
816 1113 916 1189 credo,
931 1124 989 1188 aut,
1005 1112 1030 1173 si
1045 1112 1122 1190 quis-

174 1228 272 1286 quam,
297 1205 346 1268 ille
371 1206 487 1286 sapiens
511 1207 572 1268 suit.
617 1209 686 1284 Quo
710 1208 810 1282 m0d0,
833 1218 865 1268 ut
892 1206 950 1268 alia
977 1206 1118 1282 omittam,

173 1313 299 1364 mortem
309 1301 360 1361 filii
370 1301 436 1362 tulit
449 1306 455 1362 l
497 1300 695 1362 Memineram
706 1303 840 1375 Paulum,
853 1301 985 1363 videram
996 1301 1120 1377 Galum;

174 1396 227 1459 sed
254 1394 285 1458 hi
313 1395 344 1456 in
371 1395 477 1474 pueris,
507 1398 583 1458 Cato
611 1395 643 1456 in
670 1395 801 1474 perfecto
830 1407 860 1457 et
887 1407 1020 1473 spectato
1047 1395 1119 1457 viro.

68 1511 70 1516 ·
123 1488 161 1570 10
174 1493 272 1568 Quam
287 1489 327 1552 ob
341 1509 403 1552 rem
418 1511 490 1551 cave
511 1491 619 1553 Catoni
640 1501 814 1569 anteponas¹
826 1511 865 1552 ne
887 1491 976 1552 istum
1000 1488 1123 1569 quidem

172 1580 278 1664 ipsum,
305 1605 394 1664 quem
415 1587 534 1664 Apollo,
559 1596 592 1645 ut
614 1585 666 1661 ais,
689 1585 939 1664 sapientissimum
961 1585 1124 1647 iudicavit:

173 1677 259 1742 huius
281 1681 361 1741 enim
374 1682 459 1754 sacta,
476 1675 553 1740 illius
576 1681 657 1741 dicta
677 1682 842 1741 laudantur.
887 1684 935 1742 De
950 1672 1122 1756 meantem,

172 1787 206 1836 ut
219 1769 277 1835 iam
292 1795 360 1836 cum
373 1786 497 1851 utroque
512 1777 624 1852 loquar,
640 1773 683 1834 sic
696 1776 844 1836 habetote.
969 1857 970 1860 Ἴ

215 1873 273 1930 III.
298 1867 362 1947 Ego
387 1867 413 1929 si
439 1862 585 1946 Scipionis
613 1866 761 1930 desiderio
789 1889 837 1930 me
865 1866 976 1930 moveri
1003 1879 1122 1946 negem,

173 1984 262 2041 quam
271 1963 303 2024 id
313 1974 393 2024 recte
402 1963 508 2023 faciam
518 1962 645 2024 viderint
653 1963 817 2041 sapientes:
833 1965 886 2023 sed
900 1974 979 2024 certe
987 1963 1123 2024 mentiar.

174 2055 300 2120 Moveor
320 2057 399 2119 enim
414 2057 465 2118 tali
479 2057 576 2117 amico
592 2060 718 2132 orbatus,
740 2057 834 2136 qualis
848 2068 881 2117 ut
896 2056 1018 2119 arbitror
1031 2073 1125 2128 nemo

172 2146 314 2231 umquam
329 2144 390 2226 erit,
406 2163 439 2212 ut
453 2153 624 2222 confirmare
638 2172 760 2230 possum
773 2171 863 2212 nemo
878 2163 956 2213 certe
969 2151 1030 2212 suit
1062 2155 1127 2213 Sed

173 2267 235 2308 non
259 2268 332 2326 egeo
357 2245 522 2307 medicina:
543 2267 591 2308 me
612 2246 676 2324 ipse
698 2249 843 2321 consolor,
871 2257 900 2307 et
921 2245 1048 2308 maxime
1070 2246 1126 2308 illo

173 2333 292 2415 solacio,
322 2342 404 2418 quod
425 2360 461 2401 eo
483 2361 579 2402 errore
607 2361 693 2402 careo
718 2361 778 2419 quo
805 2339 968 2402 amicorum
995 2341 1125 2402 decessu

172 2431 304 2514 plerique
317 2435 386 2514 angi
400 2437 504 2497 solent.
547 2427 629 2496 Nihil
643 2435 712 2496 mali
727 2435 869 2496 accidisse
884 2435 1015 2514 Scipioni
1029 2449 1126 2514 puto:
1160 2433 1161 2436 ’

123 2524 157 2592 ll
173 2530 244 2590 mihi
271 2529 388 2603 accidit,
411 2519 435 2589 si
460 2527 532 2607 quid
555 2517 680 2604 accidit}
709 2529 769 2590 suis
796 2542 895 2590 autem
922 2522 1126 2592 incommodis

118 2614 123 2622 ’
172 2616 296 2706 graviter
309 2615 377 2703 angi
388 2643 449 2684 non
464 2613 593 2684 amicum
608 2622 661 2684 sed
672 2643 703 2684 se
717 2623 815 2701 ipsum
829 2621 955 2684 amantis
970 2635 1022 2684 est.
1043 2625 1127 2685 Cum

171 2713 223 2782 illo
247 2740 317 2780 vero
339 2718 404 2797 quis
428 2729 516 2797 neget
540 2729 639 2778 actum
655 2737 717 2782 esse
728 2711 900 2796 praeclare?
941 2707 1007 2778 Nisi
1031 2717 1126 2793 enim,
1160 2719 1161 2722 ’

173 2817 254 2895 quod
272 2805 321 2875 ille
342 2803 463 2875 minime
477 2807 608 2891 putabat,
630 2804 880 2874 immortalitatem
893 2816 995 2890 optare
1007 2815 1100 2875 veliet
1120 2835 1128 2872 ε

173 2909 245 2988 quid
258 2927 320 2968 non
334 2905 459 2985 adeptus
475 2908 624 2985 estquod
643 2895 756 2967 homini
774 2909 817 2967 fas
832 2917 910 2968 esset
923 2911 1050 2984 optare?
1074 2908 1131 2985 qui

173 3015 316 3066 summam
331 3020 415 3079 spem
430 3000 545 3075 civium,
562 3021 651 3079 quarn
666 2992 704 3061 de
719 3021 755 3063 eo
769 3001 828 3061 iam
839 3013 931 3080 puero
945 2994 1129 3076 habuerant,

173 3087 314 3160 continuo
342 3086 516 3156 adulescens
542 3083 707 3156 incredibili
733 3083 839 3156 virtute
860 3094 1007 3173 superavit
1026 3119 1056 3172 ;,-
1075 3097 1133 3176 qui

172 3193 358 3254 consulatum
366 3187 470 3268 petivit
480 3209 649 3266 numquam,
661 3191 754 3250 factus
763 3191 868 3252 consul
877 3201 922 3251 est
929 3189 984 3265 bis,
994 3190 1134 3268 primum

173 3299 241 3349 ante
256 3299 381 3364 tempus,
397 3283 502 3346 iterum
516 3283 573 3345 sibi
587 3305 641 3346 suo
660 3296 801 3362 tempore,
817 3284 859 3344 rei
872 3285 1010 3363 publicae
1025 3307 1134 3364 paene

173 3403 262 3458 sero;
297 3378 347 3459 qui
375 3380 490 3442 duabus
524 3378 644 3440 urbibus
672 3379 787 3452 eversis,
816 3378 1024 3440 inimicissimis
1054 3383 1136 3444 huic

172 3474 304 3554 imperi0,
318 3493 378 3535 non
399 3475 490 3535 modo
510 3471 676 3551 praesentia
695 3493 796 3535 verum
819 3471 907 3533 etiam
925 3474 1022 3534 futura
1043 3475 1137 3536 bella

251 3569 264 3607 4

87 723 89 731 r
