<?xml version="1.0" encoding="UTF-8"?>
<!DOCTYPE html PUBLIC "-//W3C//DTD XHTML 1.0 Transitional//EN"
    "http://www.w3.org/TR/xhtml1/DTD/xhtml1-transitional.dtd">
<html xmlns="http://www.w3.org/1999/xhtml" xml:lang="en" lang="en">
 <head>
  <title>
</title>
<meta http-equiv="Content-Type" content="text/html;charset=utf-8" />
  <meta name='ocr-system' content='tesseract 3.04.00' />
  <meta name='ocr-capabilities' content='ocr_page ocr_carea ocr_par ocr_line ocrx_word'/>
</head>
<body>
  <div class='ocr_page' id='page_1' title='image "./deamicitia00sidggoog_0059.png"; bbox 0 0 2360 3782; ppageno 0'>
   <div class='ocr_carea' id='block_1_1' title="bbox 546 220 1104 286">
    <p class='ocr_par' dir='ltr' id='par_1_1' title="bbox 546 220 1104 286">
     <span class='ocr_line' id='line_1_1' title="bbox 546 220 1104 286; baseline 0 -16"><span class='ocrx_word' id='word_1_1' title='bbox 546 220 709 271; x_wconf 63' lang='lat' dir='ltr'><strong>rastros</strong></span> <span class='ocrx_word' id='word_1_2' title='bbox 999 222 1104 286; x_wconf 71' lang='lat' dir='ltr'><strong>[es-ee</strong></span> 
     </span>
    </p>
   </div>
   <div class='ocr_carea' id='block_1_2' title="bbox 76 358 1161 3366">
    <p class='ocr_par' dir='ltr' id='par_1_2' title="bbox 103 358 1106 820">
     <span class='ocr_line' id='line_1_2' title="bbox 103 358 1106 442; baseline 0 -18"><span class='ocrx_word' id='word_1_3' title='bbox 103 358 106 371; x_wconf 78' lang='lat'>¹</span> <span class='ocrx_word' id='word_1_4' title='bbox 152 374 256 424; x_wconf 87' lang='lat' dir='ltr'><strong>natura</strong></span> <span class='ocrx_word' id='word_1_5' title='bbox 270 363 340 424; x_wconf 89' lang='lat' dir='ltr'><strong>data</strong></span> <span class='ocrx_word' id='word_1_6' title='bbox 354 373 407 437; x_wconf 91' lang='lat' dir='ltr'><strong>est,</strong></span> <span class='ocrx_word' id='word_1_7' title='bbox 419 381 481 424; x_wconf 90' lang='lat' dir='ltr'><strong>non</strong></span> <span class='ocrx_word' id='word_1_8' title='bbox 491 362 629 424; x_wconf 90' lang='lat' dir='ltr'><strong>vitiorum</strong></span> <span class='ocrx_word' id='word_1_9' title='bbox 644 384 755 439; x_wconf 89' lang='lat' dir='ltr'><strong>comes,</strong></span> <span class='ocrx_word' id='word_1_10' title='bbox 768 376 802 426; x_wconf 90' lang='lat' dir='ltr'><strong>ut</strong></span> <span class='ocrx_word' id='word_1_11' title='bbox 815 365 958 442; x_wconf 90' lang='lat' dir='ltr'><strong>quoniam</strong></span> <span class='ocrx_word' id='word_1_12' title='bbox 972 364 1106 426; x_wconf 86' lang='lat' dir='ltr'><strong>solitaria</strong></span> 
     </span>
     <span class='ocr_line' id='line_1_3' title="bbox 152 457 1103 536; baseline 0 -18"><span class='ocrx_word' id='word_1_13' title='bbox 152 477 213 519; x_wconf 92' lang='lat' dir='ltr'><strong>non</strong></span> <span class='ocrx_word' id='word_1_14' title='bbox 237 469 338 536; x_wconf 91' lang='lat' dir='ltr'><strong>posset</strong></span> <span class='ocrx_word' id='word_1_15' title='bbox 362 457 453 518; x_wconf 86' lang='lat' dir='ltr'><strong>virtus</strong></span> <span class='ocrx_word' id='word_1_16' title='bbox 478 459 517 518; x_wconf 91' lang='lat' dir='ltr'><strong>ad</strong></span> <span class='ocrx_word' id='word_1_17' title='bbox 540 478 576 517; x_wconf 90' lang='lat' dir='ltr'><strong>ea</strong></span> <span class='ocrx_word' id='word_1_18' title='bbox 599 477 676 535; x_wconf 88' lang='lat' dir='ltr'><strong>quae</strong></span> <span class='ocrx_word' id='word_1_19' title='bbox 701 479 818 519; x_wconf 90' lang='lat' dir='ltr'><strong>summa</strong></span> <span class='ocrx_word' id='word_1_20' title='bbox 845 470 914 520; x_wconf 91' lang='lat' dir='ltr'><strong>sunt</strong></span> <span class='ocrx_word' id='word_1_21' title='bbox 938 459 1103 536; x_wconf 88' lang='lat' dir='ltr'><strong>pervenire,</strong></span> 
     </span>
     <span class='ocr_line' id='line_1_4' title="bbox 152 552 1104 632; baseline 0 -20"><span class='ocrx_word' id='word_1_22' title='bbox 152 552 312 612; x_wconf 87' lang='lat' dir='ltr'><strong>coniuncta</strong></span> <span class='ocrx_word' id='word_1_23' title='bbox 333 562 362 612; x_wconf 92' lang='lat' dir='ltr'><strong>et</strong></span> <span class='ocrx_word' id='word_1_24' title='bbox 384 552 554 612; x_wconf 90' lang='lat' dir='ltr'><strong>consociata</strong></span> <span class='ocrx_word' id='word_1_25' title='bbox 571 572 640 612; x_wconf 91' lang='lat' dir='ltr'><strong>cum</strong></span> <span class='ocrx_word' id='word_1_26' title='bbox 660 555 752 614; x_wconf 90' lang='lat' dir='ltr'><strong>altera</strong></span> <span class='ocrx_word' id='word_1_27' title='bbox 773 554 956 631; x_wconf 90' lang='lat' dir='ltr'><strong>perveniret:</strong></span> <span class='ocrx_word' id='word_1_28' title='bbox 977 574 1056 632; x_wconf 90' lang='lat' dir='ltr'><strong>quae</strong></span> <span class='ocrx_word' id='word_1_29' title='bbox 1077 553 1104 613; x_wconf 92' lang='lat' dir='ltr'><strong>si</strong></span> 
     </span>
     <span class='ocr_line' id='line_1_5' title="bbox 153 646 1105 723; baseline 0 -17"><span class='ocrx_word' id='word_1_30' title='bbox 153 666 230 723; x_wconf 94' lang='lat' dir='ltr'><strong>quos</strong></span> <span class='ocrx_word' id='word_1_31' title='bbox 244 646 319 707; x_wconf 88' lang='lat' dir='ltr'><strong>inter</strong></span> <span class='ocrx_word' id='word_1_32' title='bbox 333 646 459 706; x_wconf 88' lang='lat' dir='ltr'><strong>societas</strong></span> <span class='ocrx_word' id='word_1_33' title='bbox 473 656 525 706; x_wconf 89' lang='lat' dir='ltr'><strong>aut</strong></span> <span class='ocrx_word' id='word_1_34' title='bbox 539 657 583 707; x_wconf 90' lang='lat' dir='ltr'><strong>est</strong></span> <span class='ocrx_word' id='word_1_35' title='bbox 596 657 649 707; x_wconf 91' lang='lat' dir='ltr'><strong>aut</strong></span> <span class='ocrx_word' id='word_1_36' title='bbox 661 647 717 708; x_wconf 88' lang='lat' dir='ltr'><strong>fuit</strong></span> <span class='ocrx_word' id='word_1_37' title='bbox 737 658 789 708; x_wconf 90' lang='lat' dir='ltr'><strong>aut</strong></span> <span class='ocrx_word' id='word_1_38' title='bbox 809 650 908 708; x_wconf 83' lang='lat' dir='ltr'><strong>futura</strong></span> <span class='ocrx_word' id='word_1_39' title='bbox 929 658 981 723; x_wconf 92' lang='lat' dir='ltr'><strong>est,</strong></span> <span class='ocrx_word' id='word_1_40' title='bbox 997 667 1105 708; x_wconf 86' lang='lat' dir='ltr'><strong>eorum</strong></span> 
     </span>
     <span class='ocr_line' id='line_1_6' title="bbox 154 741 1106 820; baseline -0.001 -18"><span class='ocrx_word' id='word_1_41' title='bbox 154 751 198 802; x_wconf 91' lang='lat' dir='ltr'><strong>est</strong></span> <span class='ocrx_word' id='word_1_42' title='bbox 218 741 375 801; x_wconf 91' lang='lat' dir='ltr'><strong>habendus</strong></span> <span class='ocrx_word' id='word_1_43' title='bbox 396 742 435 800; x_wconf 90' lang='lat' dir='ltr'><strong>ad</strong></span> <span class='ocrx_word' id='word_1_44' title='bbox 450 759 600 800; x_wconf 90' lang='lat' dir='ltr'><strong>summum</strong></span> <span class='ocrx_word' id='word_1_45' title='bbox 614 752 736 803; x_wconf 90' lang='lat' dir='ltr'><strong>naturae</strong></span> <span class='ocrx_word' id='word_1_46' title='bbox 750 744 864 804; x_wconf 89' lang='lat' dir='ltr'><strong>bonum</strong></span> <span class='ocrx_word' id='word_1_47' title='bbox 879 742 1008 820; x_wconf 91' lang='lat' dir='ltr'><strong>optimus</strong></span> <span class='ocrx_word' id='word_1_48' title='bbox 1021 744 1106 803; x_wconf 88' lang='lat' dir='ltr'><strong>beat-</strong></span> 
     </span>
    </p>

    <p class='ocr_par' dir='ltr' id='par_1_3' title="bbox 101 835 1105 1105">
     <span class='ocr_line' id='line_1_7' title="bbox 101 835 1105 914; baseline -0.002 -17"><span class='ocrx_word' id='word_1_49' title='bbox 101 836 330 913; x_wconf 79' lang='lat' dir='ltr'><strong>84issimusque</strong></span> <span class='ocrx_word' id='word_1_50' title='bbox 351 835 517 896; x_wconf 80' lang='lat' dir='ltr'><strong>comitatus.</strong></span> <span class='ocrx_word' id='word_1_51' title='bbox 570 838 658 896; x_wconf 90' lang='lat' dir='ltr'><strong>Haec</strong></span> <span class='ocrx_word' id='word_1_52' title='bbox 686 848 739 912; x_wconf 90' lang='lat' dir='ltr'><strong>est,</strong></span> <span class='ocrx_word' id='word_1_53' title='bbox 762 837 892 914; x_wconf 89' lang='lat' dir='ltr'><strong>inquam,</strong></span> <span class='ocrx_word' id='word_1_54' title='bbox 917 837 1043 898; x_wconf 89' lang='lat' dir='ltr'><strong>societas</strong></span> <span class='ocrx_word' id='word_1_55' title='bbox 1071 837 1105 896; x_wconf 92' lang='lat' dir='ltr'><strong>in</strong></span> 
     </span>
     <span class='ocr_line' id='line_1_8' title="bbox 153 929 1103 1010; baseline 0.002 -20"><span class='ocrx_word' id='word_1_56' title='bbox 153 929 336 1008; x_wconf 87' lang='lat' dir='ltr'><strong>quaomnia</strong></span> <span class='ocrx_word' id='word_1_57' title='bbox 364 929 464 990; x_wconf 90' lang='lat' dir='ltr'><strong>insunt</strong></span> <span class='ocrx_word' id='word_1_58' title='bbox 491 949 568 1007; x_wconf 90' lang='lat' dir='ltr'><strong>quae</strong></span> <span class='ocrx_word' id='word_1_59' title='bbox 603 942 709 1008; x_wconf 86' lang='lat' dir='ltr'><strong>putant</strong></span> <span class='ocrx_word' id='word_1_60' title='bbox 751 933 889 993; x_wconf 90' lang='lat' dir='ltr'><strong>homines</strong></span> <span class='ocrx_word' id='word_1_61' title='bbox 924 933 1103 1010; x_wconf 90' lang='lat' dir='ltr'><strong>expetenda,</strong></span> 
     </span>
     <span class='ocr_line' id='line_1_9' title="bbox 153 1024 1105 1105; baseline 0 -19"><span class='ocrx_word' id='word_1_62' title='bbox 153 1027 300 1097; x_wconf 72' lang='lat' dir='ltr'><strong>honestas</strong></span> <span class='ocrx_word' id='word_1_63' title='bbox 313 1024 413 1102; x_wconf 87' lang='lat' dir='ltr'><strong>gloria,</strong></span> <span class='ocrx_word' id='word_1_64' title='bbox 424 1025 618 1101; x_wconf 89' lang='lat' dir='ltr'><strong>tranquillitas</strong></span> <span class='ocrx_word' id='word_1_65' title='bbox 628 1026 720 1086; x_wconf 90' lang='lat' dir='ltr'><strong>animi</strong></span> <span class='ocrx_word' id='word_1_66' title='bbox 728 1036 819 1105; x_wconf 89' lang='lat' dir='ltr'><strong>atque</strong></span> <span class='ocrx_word' id='word_1_67' title='bbox 831 1027 998 1088; x_wconf 91' lang='lat' dir='ltr'><strong>iucunditas</strong></span> <span class='ocrx_word' id='word_1_68' title='bbox 1010 1049 1016 1086; x_wconf 92' lang='lat'>:</span> <span class='ocrx_word' id='word_1_69' title='bbox 1027 1037 1061 1086; x_wconf 88' lang='lat' dir='ltr'><strong>ut</strong></span> <span class='ocrx_word' id='word_1_70' title='bbox 1073 1038 1105 1087; x_wconf 90' lang='lat' dir='ltr'><strong>et</strong></span> 
     </span>
    </p>

    <p class='ocr_par' dir='ltr' id='par_1_4' title="bbox 97 1118 1101 1199">
     <span class='ocr_line' id='line_1_10' title="bbox 97 1118 1101 1199; baseline 0.002 -21"><span class='ocrx_word' id='word_1_71' title='bbox 97 1163 100 1178; x_wconf 91' lang='lat'><em>.</em></span> <span class='ocrx_word' id='word_1_72' title='bbox 153 1140 221 1179; x_wconf 90' lang='lat' dir='ltr'><strong>cum</strong></span> <span class='ocrx_word' id='word_1_73' title='bbox 236 1119 310 1180; x_wconf 88' lang='lat' dir='ltr'><strong>haec</strong></span> <span class='ocrx_word' id='word_1_74' title='bbox 323 1118 423 1180; x_wconf 83' lang='lat' dir='ltr'><strong>adsint</strong></span> <span class='ocrx_word' id='word_1_75' title='bbox 435 1121 524 1179; x_wconf 88' lang='lat' dir='ltr'><strong>beata</strong></span> <span class='ocrx_word' id='word_1_76' title='bbox 537 1119 597 1178; x_wconf 91' lang='lat' dir='ltr'><strong>vita</strong></span> <span class='ocrx_word' id='word_1_77' title='bbox 612 1119 656 1193; x_wconf 93' lang='lat' dir='ltr'><strong>sit,</strong></span> <span class='ocrx_word' id='word_1_78' title='bbox 673 1131 703 1180; x_wconf 92' lang='lat' dir='ltr'><strong>et</strong></span> <span class='ocrx_word' id='word_1_79' title='bbox 718 1120 781 1181; x_wconf 91' lang='lat' dir='ltr'><strong>sine</strong></span> <span class='ocrx_word' id='word_1_80' title='bbox 791 1120 837 1181; x_wconf 91' lang='lat' dir='ltr'><strong>his</strong></span> <span class='ocrx_word' id='word_1_81' title='bbox 849 1141 913 1182; x_wconf 89' lang='lat' dir='ltr'><strong>esse</strong></span> <span class='ocrx_word' id='word_1_82' title='bbox 924 1141 986 1182; x_wconf 90' lang='lat' dir='ltr'><strong>non</strong></span> <span class='ocrx_word' id='word_1_83' title='bbox 997 1120 1101 1199; x_wconf 89' lang='lat' dir='ltr'><strong>possit.</strong></span> 
     </span>
    </p>

    <p class='ocr_par' dir='ltr' id='par_1_5' title="bbox 76 1214 1161 1670">
     <span class='ocr_line' id='line_1_11' title="bbox 76 1214 1120 1292; baseline -0.002 -16"><span class='ocrx_word' id='word_1_84' title='bbox 76 1272 78 1285; x_wconf 85' lang='grc'>,</span> <span class='ocrx_word' id='word_1_85' title='bbox 153 1216 246 1292; x_wconf 90' lang='lat' dir='ltr'><strong>Quod</strong></span> <span class='ocrx_word' id='word_1_86' title='bbox 270 1234 339 1274; x_wconf 92' lang='lat' dir='ltr'><strong>cum</strong></span> <span class='ocrx_word' id='word_1_87' title='bbox 364 1214 511 1291; x_wconf 91' lang='lat' dir='ltr'><strong>optimum</strong></span> <span class='ocrx_word' id='word_1_88' title='bbox 533 1214 757 1292; x_wconf 90' lang='lat' dir='ltr'><strong>maximumque</strong></span> <span class='ocrx_word' id='word_1_89' title='bbox 785 1216 830 1290; x_wconf 87' lang='lat' dir='ltr'><strong>sit,</strong></span> <span class='ocrx_word' id='word_1_90' title='bbox 859 1216 884 1277; x_wconf 90' lang='lat' dir='ltr'><strong>si</strong></span> <span class='ocrx_word' id='word_1_91' title='bbox 912 1216 943 1277; x_wconf 91' lang='lat' dir='ltr'><strong>id</strong></span> <span class='ocrx_word' id='word_1_92' title='bbox 963 1217 1120 1278; x_wconf 74' lang='lat' dir='ltr'><strong>volumusv</strong></span> 
     </span>
     <span class='ocr_line' id='line_1_12' title="bbox 153 1308 1104 1388; baseline 0 -18"><span class='ocrx_word' id='word_1_93' title='bbox 153 1309 277 1388; x_wconf 80' lang='lat' dir='ltr'><strong>adipisci</strong></span> <span class='ocrx_word' id='word_1_94' title='bbox 290 1308 392 1370; x_wconf 89' lang='lat' dir='ltr'><strong>virtuti</strong></span> <span class='ocrx_word' id='word_1_95' title='bbox 412 1328 503 1386; x_wconf 91' lang='lat' dir='ltr'><strong>opera</strong></span> <span class='ocrx_word' id='word_1_96' title='bbox 516 1309 616 1370; x_wconf 89' lang='lat' dir='ltr'><strong>danda</strong></span> <span class='ocrx_word' id='word_1_97' title='bbox 636 1320 689 1384; x_wconf 92' lang='lat' dir='ltr'><strong>est,</strong></span> <span class='ocrx_word' id='word_1_98' title='bbox 705 1311 768 1372; x_wconf 90' lang='lat' dir='ltr'><strong>sine</strong></span> <span class='ocrx_word' id='word_1_99' title='bbox 783 1331 843 1388; x_wconf 90' lang='lat' dir='ltr'><strong>qua</strong></span> <span class='ocrx_word' id='word_1_100' title='bbox 863 1331 921 1372; x_wconf 92' lang='lat' dir='ltr'><strong>nec</strong></span> <span class='ocrx_word' id='word_1_101' title='bbox 941 1310 1104 1372; x_wconf 84' lang='lat' dir='ltr'><strong>amicitiam</strong></span> 
     </span>
     <span class='ocr_line' id='line_1_13' title="bbox 152 1401 1105 1482; baseline -0.002 -16"><span class='ocrx_word' id='word_1_102' title='bbox 152 1424 250 1482; x_wconf 91' lang='lat' dir='ltr'><strong>neque</strong></span> <span class='ocrx_word' id='word_1_103' title='bbox 271 1405 362 1464; x_wconf 89' lang='lat' dir='ltr'><strong>ullam</strong></span> <span class='ocrx_word' id='word_1_104' title='bbox 390 1421 452 1462; x_wconf 89' lang='lat' dir='ltr'><strong>rem</strong></span> <span class='ocrx_word' id='word_1_105' title='bbox 474 1402 672 1480; x_wconf 84' lang='lat' dir='ltr'><strong>expetendam</strong></span> <span class='ocrx_word' id='word_1_106' title='bbox 700 1404 844 1482; x_wconf 89' lang='lat' dir='ltr'><strong>consequi</strong></span> <span class='ocrx_word' id='word_1_107' title='bbox 866 1401 1025 1482; x_wconf 88' lang='lat' dir='ltr'><strong>possumus</strong></span> <span class='ocrx_word' id='word_1_108' title='bbox 1037 1426 1046 1478; x_wconf 89' lang='lat'>;</span> <span class='ocrx_word' id='word_1_109' title='bbox 1068 1424 1105 1466; x_wconf 90' lang='lat' dir='ltr'><strong>ea</strong></span> 
     </span>
     <span class='ocr_line' id='line_1_14' title="bbox 153 1496 1161 1576; baseline -0.006 -16"><span class='ocrx_word' id='word_1_110' title='bbox 153 1518 223 1561; x_wconf 88' lang='lat' dir='ltr'><strong>vero</strong></span> <span class='ocrx_word' id='word_1_111' title='bbox 243 1499 380 1576; x_wconf 86' lang='lat' dir='ltr'><strong>neglecta</strong></span> <span class='ocrx_word' id='word_1_112' title='bbox 400 1497 450 1574; x_wconf 92' lang='lat' dir='ltr'><strong>qui</strong></span> <span class='ocrx_word' id='word_1_113' title='bbox 472 1516 503 1557; x_wconf 90' lang='lat' dir='ltr'><strong>se</strong></span> <span class='ocrx_word' id='word_1_114' title='bbox 524 1496 636 1557; x_wconf 89' lang='lat' dir='ltr'><strong>amicos</strong></span> <span class='ocrx_word' id='word_1_115' title='bbox 656 1499 766 1560; x_wconf 86' lang='lat' dir='ltr'><strong>habere</strong></span> <span class='ocrx_word' id='word_1_116' title='bbox 786 1498 969 1573; x_wconf 87' lang='lat' dir='ltr'><strong>arbitrantur,</strong></span> <span class='ocrx_word' id='word_1_117' title='bbox 985 1509 1049 1560; x_wconf 86' lang='lat' dir='ltr'><strong>tum</strong></span> <span class='ocrx_word' id='word_1_118' title='bbox 1071 1518 1104 1559; x_wconf 91' lang='lat' dir='ltr'><strong>se</strong></span> <span class='ocrx_word' id='word_1_119' title='bbox 1160 1551 1161 1554; x_wconf 74' lang='grc'>,</span> 
     </span>
     <span class='ocr_line' id='line_1_15' title="bbox 153 1590 1104 1670; baseline -0.003 -15"><span class='ocrx_word' id='word_1_120' title='bbox 153 1593 284 1670; x_wconf 89' lang='lat' dir='ltr'><strong>denique</strong></span> <span class='ocrx_word' id='word_1_121' title='bbox 308 1611 417 1653; x_wconf 84' lang='lat' dir='ltr'><strong>enasse</strong></span> <span class='ocrx_word' id='word_1_122' title='bbox 442 1590 580 1664; x_wconf 89' lang='lat' dir='ltr'><strong>sentiunt,</strong></span> <span class='ocrx_word' id='word_1_123' title='bbox 604 1611 673 1652; x_wconf 89' lang='lat' dir='ltr'><strong>curn</strong></span> <span class='ocrx_word' id='word_1_124' title='bbox 697 1611 749 1652; x_wconf 91' lang='lat' dir='ltr'><strong>eos</strong></span> <span class='ocrx_word' id='word_1_125' title='bbox 769 1593 865 1670; x_wconf 85' lang='lat' dir='ltr'><strong>gravis</strong></span> <span class='ocrx_word' id='word_1_126' title='bbox 889 1593 994 1670; x_wconf 91' lang='lat' dir='ltr'><strong>aliquis</strong></span> <span class='ocrx_word' id='word_1_127' title='bbox 1017 1613 1104 1654; x_wconf 89' lang='lat' dir='ltr'><strong>casus</strong></span> 
     </span>
    </p>

    <p class='ocr_par' dir='ltr' id='par_1_6' title="bbox 102 1685 1106 2422">
     <span class='ocr_line' id='line_1_16' title="bbox 102 1685 1104 1766; baseline -0.004 -16"><span class='ocrx_word' id='word_1_128' title='bbox 102 1693 139 1756; x_wconf 81' lang='lat'><strong>85</strong></span> <span class='ocrx_word' id='word_1_129' title='bbox 154 1686 278 1766; x_wconf 89' lang='lat' dir='ltr'><strong>experiri</strong></span> <span class='ocrx_word' id='word_1_130' title='bbox 300 1685 388 1764; x_wconf 89' lang='lat' dir='ltr'><strong>cogit.</strong></span> <span class='ocrx_word' id='word_1_131' title='bbox 442 1685 796 1761; x_wconf 88' lang='lat' dir='ltr'><strong>Quocirca—dicendum</strong></span> <span class='ocrx_word' id='word_1_132' title='bbox 817 1698 863 1747; x_wconf 90' lang='lat' dir='ltr'><strong>est</strong></span> <span class='ocrx_word' id='word_1_133' title='bbox 884 1686 963 1748; x_wconf 91' lang='lat' dir='ltr'><strong>enim</strong></span> <span class='ocrx_word' id='word_1_134' title='bbox 985 1686 1104 1764; x_wconf 90' lang='lat' dir='ltr'><strong>saepius</strong></span> 
     </span>
     <span class='ocr_line' id='line_1_17' title="bbox 153 1777 1106 1857; baseline -0.003 -14"><span class='ocrx_word' id='word_1_135' title='bbox 153 1802 262 1843; x_wconf 87' lang='lat' dir='ltr'><strong>-cum</strong></span> <span class='ocrx_word' id='word_1_136' title='bbox 283 1778 422 1841; x_wconf 88' lang='lat' dir='ltr'><strong>iudicaris</strong></span> <span class='ocrx_word' id='word_1_137' title='bbox 436 1777 558 1857; x_wconf 81' lang='lat' dir='ltr'><strong>diligere</strong></span> <span class='ocrx_word' id='word_1_138' title='bbox 572 1789 698 1856; x_wconf 86' lang='lat' dir='ltr'><strong>oportet,</strong></span> <span class='ocrx_word' id='word_1_139' title='bbox 713 1799 775 1840; x_wconf 89' lang='lat' dir='ltr'><strong>non</strong></span> <span class='ocrx_word' id='word_1_140' title='bbox 791 1800 858 1840; x_wconf 88' lang='lat' dir='ltr'><strong>cum</strong></span> <span class='ocrx_word' id='word_1_141' title='bbox 872 1781 1009 1842; x_wconf 85' lang='lat' dir='ltr'><strong>dilexeris</strong></span> <span class='ocrx_word' id='word_1_142' title='bbox 1031 1781 1106 1841; x_wconf 89' lang='lat' dir='ltr'><strong>iudi·</strong></span> 
     </span>
     <span class='ocr_line' id='line_1_18' title="bbox 153 1872 1102 1953; baseline -0.004 -16"><span class='ocrx_word' id='word_1_143' title='bbox 153 1897 227 1937; x_wconf 88' lang='lat' dir='ltr'><strong>care.</strong></span> <span class='ocrx_word' id='word_1_144' title='bbox 271 1875 331 1936; x_wconf 88' lang='lat' dir='ltr'><strong>Sed</strong></span> <span class='ocrx_word' id='word_1_145' title='bbox 355 1893 423 1934; x_wconf 93' lang='lat' dir='ltr'><strong>cum</strong></span> <span class='ocrx_word' id='word_1_146' title='bbox 444 1873 543 1934; x_wconf 90' lang='lat' dir='ltr'><strong>multis</strong></span> <span class='ocrx_word' id='word_1_147' title='bbox 566 1872 598 1933; x_wconf 95' lang='lat' dir='ltr'><strong>in</strong></span> <span class='ocrx_word' id='word_1_148' title='bbox 619 1874 708 1934; x_wconf 90' lang='lat' dir='ltr'><strong>rebus</strong></span> <span class='ocrx_word' id='word_1_149' title='bbox 730 1874 917 1953; x_wconf 86' lang='lat' dir='ltr'><strong>neglegentia</strong></span> <span class='ocrx_word' id='word_1_150' title='bbox 935 1873 1102 1952; x_wconf 88' lang='lat' dir='ltr'><strong>plectimur,</strong></span> 
     </span>
     <span class='ocr_line' id='line_1_19' title="bbox 153 1965 1105 2045; baseline -0.004 -14"><span class='ocrx_word' id='word_1_151' title='bbox 153 1982 217 2031; x_wconf 90' lang='lat' dir='ltr'><strong>tum</strong></span> <span class='ocrx_word' id='word_1_152' title='bbox 231 1967 358 2028; x_wconf 88' lang='lat' dir='ltr'><strong>maxime</strong></span> <span class='ocrx_word' id='word_1_153' title='bbox 373 1967 404 2028; x_wconf 91' lang='lat' dir='ltr'><strong>in</strong></span> <span class='ocrx_word' id='word_1_154' title='bbox 417 1967 520 2027; x_wconf 89' lang='lat' dir='ltr'><strong>amicis</strong></span> <span class='ocrx_word' id='word_1_155' title='bbox 535 1977 565 2028; x_wconf 89' lang='lat' dir='ltr'><strong>et</strong></span> <span class='ocrx_word' id='word_1_156' title='bbox 576 1965 734 2044; x_wconf 88' lang='lat' dir='ltr'><strong>diligendis</strong></span> <span class='ocrx_word' id='word_1_157' title='bbox 749 1977 778 2028; x_wconf 90' lang='lat' dir='ltr'><strong>et</strong></span> <span class='ocrx_word' id='word_1_158' title='bbox 792 1967 945 2028; x_wconf 91' lang='lat' dir='ltr'><strong>colendis:</strong></span> <span class='ocrx_word' id='word_1_159' title='bbox 966 1987 1105 2045; x_wconf 92' lang='lat' dir='ltr'><strong>praepos-</strong></span> 
     </span>
     <span class='ocr_line' id='line_1_20' title="bbox 154 2061 1106 2141; baseline -0.003 -16"><span class='ocrx_word' id='word_1_160' title='bbox 154 2065 222 2126; x_wconf 89' lang='lat' dir='ltr'><strong>teris</strong></span> <span class='ocrx_word' id='word_1_161' title='bbox 243 2063 323 2124; x_wconf 90' lang='lat' dir='ltr'><strong>enim</strong></span> <span class='ocrx_word' id='word_1_162' title='bbox 344 2063 452 2122; x_wconf 92' lang='lat' dir='ltr'><strong>utimur</strong></span> <span class='ocrx_word' id='word_1_163' title='bbox 466 2061 596 2123; x_wconf 90' lang='lat' dir='ltr'><strong>consiliis</strong></span> <span class='ocrx_word' id='word_1_164' title='bbox 610 2072 640 2122; x_wconf 91' lang='lat' dir='ltr'><strong>et</strong></span> <span class='ocrx_word' id='word_1_165' title='bbox 653 2073 720 2122; x_wconf 89' lang='lat' dir='ltr'><strong>acta</strong></span> <span class='ocrx_word' id='word_1_166' title='bbox 734 2062 858 2141; x_wconf 88' lang='lat' dir='ltr'><strong>agimus,</strong></span> <span class='ocrx_word' id='word_1_167' title='bbox 874 2063 956 2140; x_wconf 91' lang='lat' dir='ltr'><strong>quod</strong></span> <span class='ocrx_word' id='word_1_168' title='bbox 969 2073 1106 2123; x_wconf 89' lang='lat' dir='ltr'><strong>vetamur</strong></span> 
     </span>
     <span class='ocr_line' id='line_1_21' title="bbox 153 2155 1105 2235; baseline -0.005 -14"><span class='ocrx_word' id='word_1_169' title='bbox 153 2171 252 2220; x_wconf 88' lang='lat' dir='ltr'><strong>vetere</strong></span> <span class='ocrx_word' id='word_1_170' title='bbox 266 2156 430 2235; x_wconf 90' lang='lat' dir='ltr'><strong>proverbio.</strong></span> <span class='ocrx_word' id='word_1_171' title='bbox 475 2159 554 2216; x_wconf 90' lang='lat' dir='ltr'><strong>Nam</strong></span> <span class='ocrx_word' id='word_1_172' title='bbox 575 2155 718 2233; x_wconf 91' lang='lat' dir='ltr'><strong>implicati</strong></span> <span class='ocrx_word' id='word_1_173' title='bbox 739 2157 815 2217; x_wconf 92' lang='lat' dir='ltr'><strong>ultro</strong></span> <span class='ocrx_word' id='word_1_174' title='bbox 836 2168 867 2216; x_wconf 91' lang='lat' dir='ltr'><strong>et</strong></span> <span class='ocrx_word' id='word_1_175' title='bbox 887 2157 961 2217; x_wconf 91' lang='lat' dir='ltr'><strong>citro</strong></span> <span class='ocrx_word' id='word_1_176' title='bbox 980 2159 1028 2218; x_wconf 91' lang='lat' dir='ltr'><strong>vel</strong></span> <span class='ocrx_word' id='word_1_177' title='bbox 1049 2177 1105 2217; x_wconf 91' lang='lat' dir='ltr'><strong>usu</strong></span> 
     </span>
     <span class='ocr_line' id='line_1_22' title="bbox 154 2249 1105 2327; baseline -0.002 -13"><span class='ocrx_word' id='word_1_178' title='bbox 154 2254 293 2315; x_wconf 88' lang='lat' dir='ltr'><strong>diuturno</strong></span> <span class='ocrx_word' id='word_1_179' title='bbox 306 2251 353 2312; x_wconf 92' lang='lat' dir='ltr'><strong>vel</strong></span> <span class='ocrx_word' id='word_1_180' title='bbox 371 2250 460 2311; x_wconf 90' lang='lat' dir='ltr'><strong>etiam</strong></span> <span class='ocrx_word' id='word_1_181' title='bbox 482 2249 594 2322; x_wconf 90' lang='lat' dir='ltr'><strong>officiis,</strong></span> <span class='ocrx_word' id='word_1_182' title='bbox 610 2261 733 2327; x_wconf 88' lang='lat' dir='ltr'><strong>repente</strong></span> <span class='ocrx_word' id='word_1_183' title='bbox 754 2249 785 2309; x_wconf 91' lang='lat' dir='ltr'><strong>in</strong></span> <span class='ocrx_word' id='word_1_184' title='bbox 806 2249 907 2313; x_wconf 91' lang='lat' dir='ltr'><strong>medio</strong></span> <span class='ocrx_word' id='word_1_185' title='bbox 928 2271 1015 2312; x_wconf 91' lang='lat' dir='ltr'><strong>cursu</strong></span> <span class='ocrx_word' id='word_1_186' title='bbox 1035 2252 1105 2312; x_wconf 90' lang='lat' dir='ltr'><strong>ami-</strong></span> 
     </span>
     <span class='ocr_line' id='line_1_23' title="bbox 155 2343 861 2422; baseline -0.004 -14"><span class='ocrx_word' id='word_1_187' title='bbox 155 2347 238 2408; x_wconf 84' lang='lat' dir='ltr'><strong>citias</strong></span> <span class='ocrx_word' id='word_1_188' title='bbox 253 2355 353 2407; x_wconf 89' lang='lat' dir='ltr'><strong>exorta</strong></span> <span class='ocrx_word' id='word_1_189' title='bbox 367 2344 465 2421; x_wconf 89' lang='lat' dir='ltr'><strong>aliqua</strong></span> <span class='ocrx_word' id='word_1_190' title='bbox 479 2343 642 2404; x_wconf 81' lang='lat' dir='ltr'><strong>offensione</strong></span> <span class='ocrx_word' id='word_1_191' title='bbox 657 2343 861 2422; x_wconf 89' lang='lat' dir='ltr'><strong>dirumpimus.</strong></span> 
     </span>
    </p>

    <p class='ocr_par' dir='ltr' id='par_1_7' title="bbox 103 2437 1161 3179">
     <span class='ocr_line' id='line_1_24' title="bbox 103 2437 1161 2515; baseline -0.001 -13"><span class='ocrx_word' id='word_1_192' title='bbox 103 2447 141 2511; x_wconf 79' lang='grc'><strong>86</strong></span> <span class='ocrx_word' id='word_1_193' title='bbox 194 2442 314 2502; x_wconf 89' lang='grc' dir='ltr'>ΧΧΙΙΙ.</span> <span class='ocrx_word' id='word_1_194' title='bbox 340 2439 411 2514; x_wconf 90' lang='lat' dir='ltr'><strong>Quo</strong></span> <span class='ocrx_word' id='word_1_195' title='bbox 425 2437 514 2498; x_wconf 90' lang='lat' dir='ltr'><strong>etiarn</strong></span> <span class='ocrx_word' id='word_1_196' title='bbox 528 2437 622 2515; x_wconf 86' lang='lat' dir='ltr'><strong>magis</strong></span> <span class='ocrx_word' id='word_1_197' title='bbox 636 2437 831 2515; x_wconf 89' lang='lat' dir='ltr'><strong>vituperanda</strong></span> <span class='ocrx_word' id='word_1_198' title='bbox 849 2450 893 2500; x_wconf 90' lang='lat' dir='ltr'><strong>est</strong></span> <span class='ocrx_word' id='word_1_199' title='bbox 913 2439 955 2500; x_wconf 88' lang='lat' dir='ltr'><strong>rei</strong></span> <span class='ocrx_word' id='word_1_200' title='bbox 975 2439 1105 2501; x_wconf 85' lang='lat' dir='ltr'><strong>maxime</strong></span> <span class='ocrx_word' id='word_1_201' title='bbox 1160 2447 1161 2456; x_wconf 76' lang='grc'>’</span> 
     </span>
     <span class='ocr_line' id='line_1_25' title="bbox 154 2531 1161 2620; baseline -0.003 -23"><span class='ocrx_word' id='word_1_202' title='bbox 154 2534 336 2597; x_wconf 89' lang='lat' dir='ltr'><strong>necessariae</strong></span> <span class='ocrx_word' id='word_1_203' title='bbox 364 2543 447 2594; x_wconf 89' lang='lat' dir='ltr'><strong>tanta</strong></span> <span class='ocrx_word' id='word_1_204' title='bbox 474 2531 593 2620; x_wconf 78' lang='lat' dir='ltr'><strong>incuria.</strong></span> <span class='ocrx_word' id='word_1_205' title='bbox 637 2534 708 2593; x_wconf 92' lang='lat' dir='ltr'><strong>Una</strong></span> <span class='ocrx_word' id='word_1_206' title='bbox 736 2543 781 2594; x_wconf 90' lang='lat' dir='ltr'><strong>est</strong></span> <span class='ocrx_word' id='word_1_207' title='bbox 808 2533 888 2594; x_wconf 90' lang='lat' dir='ltr'><strong>enirn</strong></span> <span class='ocrx_word' id='word_1_208' title='bbox 915 2533 1046 2594; x_wconf 89' lang='lat' dir='ltr'><strong>amicitia</strong></span> <span class='ocrx_word' id='word_1_209' title='bbox 1075 2535 1106 2594; x_wconf 93' lang='lat' dir='ltr'><strong>in</strong></span> <span class='ocrx_word' id='word_1_210' title='bbox 1160 2581 1161 2584; x_wconf 63' lang='lat'><strong>,</strong></span> 
     </span>
     <span class='ocr_line' id='line_1_26' title="bbox 154 2625 1106 2699; baseline -0.003 -7"><span class='ocrx_word' id='word_1_211' title='bbox 154 2633 243 2692; x_wconf 90' lang='lat' dir='ltr'><strong>rebus</strong></span> <span class='ocrx_word' id='word_1_212' title='bbox 275 2626 421 2699; x_wconf 90' lang='lat' dir='ltr'><strong>humanis,</strong></span> <span class='ocrx_word' id='word_1_213' title='bbox 455 2626 493 2688; x_wconf 90' lang='lat' dir='ltr'><strong>de</strong></span> <span class='ocrx_word' id='word_1_214' title='bbox 532 2625 617 2686; x_wconf 89' lang='lat' dir='ltr'><strong>cuius</strong></span> <span class='ocrx_word' id='word_1_215' title='bbox 653 2625 779 2688; x_wconf 85' lang='lat' dir='ltr'><strong>utilitate</strong></span> <span class='ocrx_word' id='word_1_216' title='bbox 817 2646 922 2688; x_wconf 92' lang='lat' dir='ltr'><strong>omnes</strong></span> <span class='ocrx_word' id='word_1_217' title='bbox 957 2647 1018 2689; x_wconf 93' lang='lat' dir='ltr'><strong>uno</strong></span> <span class='ocrx_word' id='word_1_218' title='bbox 1054 2648 1106 2689; x_wconf 88' lang='lat' dir='ltr'><strong>ore</strong></span> 
     </span>
     <span class='ocr_line' id='line_1_27' title="bbox 155 2719 1161 2797; baseline -0.004 -10"><span class='ocrx_word' id='word_1_219' title='bbox 155 2721 352 2792; x_wconf 89' lang='lat' dir='ltr'><strong>consentiunt.</strong></span> <span class='ocrx_word' id='word_1_220' title='bbox 406 2723 435 2780; x_wconf 93' lang='lat' dir='ltr'>A</span> <span class='ocrx_word' id='word_1_221' title='bbox 469 2719 569 2780; x_wconf 88' lang='lat' dir='ltr'><strong>multis</strong></span> <span class='ocrx_word' id='word_1_222' title='bbox 603 2719 693 2779; x_wconf 89' lang='lat' dir='ltr'><strong>virtus</strong></span> <span class='ocrx_word' id='word_1_223' title='bbox 731 2720 795 2797; x_wconf 90' lang='lat' dir='ltr'><strong>ipsa</strong></span> <span class='ocrx_word' id='word_1_224' title='bbox 828 2722 1037 2796; x_wconf 88' lang='lat' dir='ltr'><strong>contemnitur,</strong></span> <span class='ocrx_word' id='word_1_225' title='bbox 1077 2735 1106 2784; x_wconf 89' lang='lat' dir='ltr'><strong>et</strong></span> <span class='ocrx_word' id='word_1_226' title='bbox 1160 2759 1161 2762; x_wconf 61' lang='lat'><em>=</em></span> 
     </span>
     <span class='ocr_line' id='line_1_28' title="bbox 154 2813 1107 2893; baseline -0.005 -12"><span class='ocrx_word' id='word_1_227' title='bbox 154 2817 318 2882; x_wconf 87' lang='lat' dir='ltr'><strong>venditatio</strong></span> <span class='ocrx_word' id='word_1_228' title='bbox 333 2815 480 2893; x_wconf 89' lang='lat' dir='ltr'><strong>quaedam</strong></span> <span class='ocrx_word' id='word_1_229' title='bbox 499 2825 589 2890; x_wconf 91' lang='lat' dir='ltr'><strong>atque</strong></span> <span class='ocrx_word' id='word_1_230' title='bbox 609 2813 769 2874; x_wconf 90' lang='lat' dir='ltr'><strong>ostentatio</strong></span> <span class='ocrx_word' id='word_1_231' title='bbox 792 2834 857 2876; x_wconf 87' lang='lat' dir='ltr'><strong>esse</strong></span> <span class='ocrx_word' id='word_1_232' title='bbox 871 2814 998 2878; x_wconf 87' lang='lat' dir='ltr'><strong>dicitur:</strong></span> <span class='ocrx_word' id='word_1_233' title='bbox 1019 2817 1107 2877; x_wconf 90' lang='lat' dir='ltr'><strong>multi</strong></span> 
     </span>
     <span class='ocr_line' id='line_1_29' title="bbox 155 2908 1107 2987; baseline -0.002 -13"><span class='ocrx_word' id='word_1_234' title='bbox 155 2911 273 2976; x_wconf 88' lang='lat' dir='ltr'><strong>divitias</strong></span> <span class='ocrx_word' id='word_1_235' title='bbox 294 2908 470 2987; x_wconf 84' lang='lat' dir='ltr'><strong>despiciunt,</strong></span> <span class='ocrx_word' id='word_1_236' title='bbox 495 2927 570 2985; x_wconf 92' lang='lat' dir='ltr'><strong>quos</strong></span> <span class='ocrx_word' id='word_1_237' title='bbox 594 2926 686 2984; x_wconf 92' lang='lat' dir='ltr'><strong>parvo</strong></span> <span class='ocrx_word' id='word_1_238' title='bbox 709 2918 867 2969; x_wconf 90' lang='lat' dir='ltr'><strong>contentos</strong></span> <span class='ocrx_word' id='word_1_239' title='bbox 892 2909 989 2971; x_wconf 91' lang='lat' dir='ltr'><strong>tenuis</strong></span> <span class='ocrx_word' id='word_1_240' title='bbox 1010 2910 1107 2972; x_wconf 89' lang='lat' dir='ltr'><strong>victus</strong></span> 
     </span>
     <span class='ocr_line' id='line_1_30' title="bbox 155 3003 1161 3083; baseline -0.002 -15"><span class='ocrx_word' id='word_1_241' title='bbox 155 3009 312 3082; x_wconf 89' lang='lat' dir='ltr'><strong>cultusque</strong></span> <span class='ocrx_word' id='word_1_242' title='bbox 341 3005 492 3078; x_wconf 81' lang='lat' dir='ltr'><strong>delectat3</strong></span> <span class='ocrx_word' id='word_1_243' title='bbox 526 3003 653 3062; x_wconf 91' lang='lat' dir='ltr'><strong>honores</strong></span> <span class='ocrx_word' id='word_1_244' title='bbox 681 3021 760 3075; x_wconf 88' lang='lat' dir='ltr'><strong>vero,</strong></span> <span class='ocrx_word' id='word_1_245' title='bbox 790 3022 916 3080; x_wconf 92' lang='lat' dir='ltr'><strong>quorum</strong></span> <span class='ocrx_word' id='word_1_246' title='bbox 943 3005 1108 3083; x_wconf 88' lang='lat' dir='ltr'><strong>cupiditate</strong></span> <span class='ocrx_word' id='word_1_247' title='bbox 1160 3059 1161 3066; x_wconf 72' lang='grc'>,</span> 
     </span>
     <span class='ocr_line' id='line_1_31' title="bbox 156 3088 1109 3179; baseline 0.001 -17"><span class='ocrx_word' id='word_1_248' title='bbox 156 3101 278 3179; x_wconf 88' lang='lat' dir='ltr'><strong>quidam</strong></span> <span class='ocrx_word' id='word_1_249' title='bbox 306 3097 533 3169; x_wconf 87' lang='lat' dir='ltr'><strong>inflammantur,</strong></span> <span class='ocrx_word' id='word_1_250' title='bbox 556 3088 645 3173; x_wconf 85' lang='lat' dir='ltr'><strong>quam</strong></span> <span class='ocrx_word' id='word_1_251' title='bbox 673 3097 757 3157; x_wconf 89' lang='lat' dir='ltr'><strong>multi</strong></span> <span class='ocrx_word' id='word_1_252' title='bbox 785 3096 826 3157; x_wconf 87' lang='lat' dir='ltr'><strong>ita</strong></span> <span class='ocrx_word' id='word_1_253' title='bbox 846 3109 1052 3176; x_wconf 90' lang='lat' dir='ltr'><strong>contemnunt,</strong></span> <span class='ocrx_word' id='word_1_254' title='bbox 1076 3113 1109 3162; x_wconf 89' lang='lat' dir='ltr'><strong>ut</strong></span> 
     </span>
    </p>

    <p class='ocr_par' dir='ltr' id='par_1_8' title="bbox 81 3190 1109 3366">
     <span class='ocr_line' id='line_1_32' title="bbox 81 3190 1109 3271; baseline 0.002 -17"><span class='ocrx_word' id='word_1_255' title='bbox 81 3215 84 3222; x_wconf 50' lang='lat'>‘</span> <span class='ocrx_word' id='word_1_256' title='bbox 156 3195 230 3255; x_wconf 92' lang='lat' dir='ltr'><strong>nihil</strong></span> <span class='ocrx_word' id='word_1_257' title='bbox 244 3192 361 3253; x_wconf 89' lang='lat' dir='ltr'><strong>inanius</strong></span> <span class='ocrx_word' id='word_1_258' title='bbox 379 3190 453 3251; x_wconf 92' lang='lat' dir='ltr'><strong>nihil</strong></span> <span class='ocrx_word' id='word_1_259' title='bbox 467 3210 531 3251; x_wconf 89' lang='lat' dir='ltr'><strong>esse</strong></span> <span class='ocrx_word' id='word_1_260' title='bbox 545 3191 638 3251; x_wconf 92' lang='lat' dir='ltr'><strong>levius</strong></span> <span class='ocrx_word' id='word_1_261' title='bbox 654 3190 842 3252; x_wconf 82' lang='lat' dir='ltr'><strong>existiment!</strong></span> <span class='ocrx_word' id='word_1_262' title='bbox 862 3191 996 3271; x_wconf 89' lang='lat' dir='ltr'><strong>itemque</strong></span> <span class='ocrx_word' id='word_1_263' title='bbox 1008 3207 1109 3258; x_wconf 89' lang='lat' dir='ltr'><strong>cetera</strong></span> 
     </span>
     <span class='ocr_line' id='line_1_33' title="bbox 157 3282 1108 3366; baseline 0.002 -17"><span class='ocrx_word' id='word_1_264' title='bbox 157 3308 233 3365; x_wconf 90' lang='lat' dir='ltr'><strong>quae</strong></span> <span class='ocrx_word' id='word_1_265' title='bbox 255 3285 433 3363; x_wconf 88' lang='lat' dir='ltr'><strong>quibusdam</strong></span> <span class='ocrx_word' id='word_1_266' title='bbox 454 3282 639 3344; x_wconf 90' lang='lat' dir='ltr'><strong>admirabilia</strong></span> <span class='ocrx_word' id='word_1_267' title='bbox 652 3284 789 3344; x_wconf 90' lang='lat' dir='ltr'><strong>videntur</strong></span> <span class='ocrx_word' id='word_1_268' title='bbox 809 3286 949 3363; x_wconf 88' lang='lat' dir='ltr'><strong>permulti</strong></span> <span class='ocrx_word' id='word_1_269' title='bbox 965 3299 1035 3349; x_wconf 90' lang='lat' dir='ltr'><strong>sunt</strong></span> <span class='ocrx_word' id='word_1_270' title='bbox 1057 3291 1108 3366; x_wconf 90' lang='lat' dir='ltr'><strong>qui</strong></span> 
     </span>
    </p>
   </div>
   <div class='ocr_carea' id='block_1_3' title="bbox 156 3376 1107 3512">
    <p class='ocr_par' dir='ltr' id='par_1_9' title="bbox 156 3376 1107 3512">
     <span class='ocr_line' id='line_1_34' title="bbox 156 3376 1107 3458; baseline 0.005 -18"><span class='ocrx_word' id='word_1_271' title='bbox 156 3376 324 3458; x_wconf 90' lang='lat' dir='ltr'><strong>pronihilo</strong></span> <span class='ocrx_word' id='word_1_272' title='bbox 348 3389 472 3456; x_wconf 87' lang='lat' dir='ltr'><strong>putent:</strong></span> <span class='ocrx_word' id='word_1_273' title='bbox 500 3378 538 3438; x_wconf 89' lang='lat' dir='ltr'><strong>de</strong></span> <span class='ocrx_word' id='word_1_274' title='bbox 559 3377 688 3437; x_wconf 88' lang='lat' dir='ltr'><strong>amicitia</strong></span> <span class='ocrx_word' id='word_1_275' title='bbox 709 3397 813 3440; x_wconf 90' lang='lat' dir='ltr'><strong>omnes</strong></span> <span class='ocrx_word' id='word_1_276' title='bbox 840 3380 880 3441; x_wconf 90' lang='lat' dir='ltr'><strong>ad</strong></span> <span class='ocrx_word' id='word_1_277' title='bbox 907 3401 1000 3442; x_wconf 91' lang='lat' dir='ltr'><strong>unum</strong></span> <span class='ocrx_word' id='word_1_278' title='bbox 1026 3383 1107 3445; x_wconf 90' lang='lat' dir='ltr'><strong>idem</strong></span> 
     </span>
     <span class='ocr_line' id='line_1_35' title="bbox 237 3472 263 3512; baseline 0.038 -1"><span class='ocrx_word' id='word_1_279' title='bbox 237 3472 263 3512; x_wconf 82' lang='lat' dir='ltr'><strong>ao</strong></span> 
     </span>
    </p>
   </div>
   <div class='ocr_carea' id='block_1_4' title="bbox 0 0 1188 3782">
    <p class='ocr_par' dir='ltr' id='par_1_10' title="bbox 0 0 1188 3782">
     <span class='ocr_line' id='line_1_36' title="bbox 0 0 1188 3782; baseline 0 0"><span class='ocrx_word' id='word_1_280' title='bbox 0 0 1188 3782; x_wconf 95' lang='lat' dir='ltr'><strong> </strong></span> 
     </span>
    </p>
   </div>
   <div class='ocr_carea' id='block_1_5' title="bbox 159 3683 1161 3750">
    <p class='ocr_par' dir='ltr' id='par_1_11' title="bbox 159 3683 1161 3750">
     <span class='ocr_line' id='line_1_37' title="bbox 1160 3683 1161 3690; baseline 0 0"><span class='ocrx_word' id='word_1_281' title='bbox 1160 3683 1161 3690; x_wconf 67' lang='grc'>,</span> 
     </span>
     <span class='ocr_line' id='line_1_38' title="bbox 159 3695 1161 3750; baseline 0 0"><span class='ocrx_word' id='word_1_282' title='bbox 159 3695 1161 3750; x_wconf 55' lang='lat' dir='ltr'>ffl</span> 
     </span>
    </p>
   </div>
  </div>
 </body>
</html>
